%YAML 1.1
%TAG !u! tag:unity3d.com,2011:
--- !u!1 &597334850065689750
GameObject:
  m_ObjectHideFlags: 0
  m_CorrespondingSourceObject: {fileID: 0}
  m_PrefabInstance: {fileID: 0}
  m_PrefabAsset: {fileID: 0}
  serializedVersion: 6
  m_Component:
  - component: {fileID: 7457565504908932366}
  - component: {fileID: 8311317656200509427}
  - component: {fileID: 7954393145932632905}
  m_Layer: 0
  m_Name: gate
  m_TagString: Untagged
  m_Icon: {fileID: 0}
  m_NavMeshLayer: 0
  m_StaticEditorFlags: 0
  m_IsActive: 1
--- !u!4 &7457565504908932366
Transform:
  m_ObjectHideFlags: 0
  m_CorrespondingSourceObject: {fileID: 0}
  m_PrefabInstance: {fileID: 0}
  m_PrefabAsset: {fileID: 0}
  m_GameObject: {fileID: 597334850065689750}
  m_LocalRotation: {x: 0, y: -0, z: -0, w: 1}
  m_LocalPosition: {x: -0, y: 0, z: 0}
  m_LocalScale: {x: 1, y: 1, z: 1}
  m_Children: []
  m_Father: {fileID: 5975493580830424685}
  m_RootOrder: 1
  m_LocalEulerAnglesHint: {x: 0, y: 0, z: 0}
--- !u!33 &8311317656200509427
MeshFilter:
  m_ObjectHideFlags: 0
  m_CorrespondingSourceObject: {fileID: 0}
  m_PrefabInstance: {fileID: 0}
  m_PrefabAsset: {fileID: 0}
  m_GameObject: {fileID: 597334850065689750}
  m_Mesh: {fileID: -1556410543170635569, guid: 728296d13e0726445acc3e1336904171, type: 3}
--- !u!23 &7954393145932632905
MeshRenderer:
  m_ObjectHideFlags: 0
  m_CorrespondingSourceObject: {fileID: 0}
  m_PrefabInstance: {fileID: 0}
  m_PrefabAsset: {fileID: 0}
  m_GameObject: {fileID: 597334850065689750}
  m_Enabled: 1
  m_CastShadows: 1
  m_ReceiveShadows: 1
  m_DynamicOccludee: 1
  m_MotionVectors: 1
  m_LightProbeUsage: 1
  m_ReflectionProbeUsage: 1
  m_RayTracingMode: 2
  m_RenderingLayerMask: 1
  m_RendererPriority: 0
  m_Materials:
  - {fileID: 2100000, guid: ab552b05591bf2248b6a0277fee26c6e, type: 2}
  - {fileID: 2100000, guid: 72d3e13b154e5d24ebda18576559d958, type: 2}
  m_StaticBatchInfo:
    firstSubMesh: 0
    subMeshCount: 0
  m_StaticBatchRoot: {fileID: 0}
  m_ProbeAnchor: {fileID: 0}
  m_LightProbeVolumeOverride: {fileID: 0}
  m_ScaleInLightmap: 1
  m_ReceiveGI: 1
  m_PreserveUVs: 0
  m_IgnoreNormalsForChartDetection: 0
  m_ImportantGI: 0
  m_StitchLightmapSeams: 1
  m_SelectedEditorRenderState: 3
  m_MinimumChartSize: 4
  m_AutoUVMaxDistance: 0.5
  m_AutoUVMaxAngle: 89
  m_LightmapParameters: {fileID: 0}
  m_SortingLayerID: 0
  m_SortingLayer: 0
  m_SortingOrder: 0
--- !u!1 &725954763350116589
GameObject:
  m_ObjectHideFlags: 0
  m_CorrespondingSourceObject: {fileID: 0}
  m_PrefabInstance: {fileID: 0}
  m_PrefabAsset: {fileID: 0}
  serializedVersion: 6
  m_Component:
  - component: {fileID: 2345477397976070825}
  - component: {fileID: 3311203753091931382}
  m_Layer: 0
  m_Name: Collider_OHL_Test_402
  m_TagString: Untagged
  m_Icon: {fileID: 0}
  m_NavMeshLayer: 0
  m_StaticEditorFlags: 0
  m_IsActive: 1
--- !u!4 &2345477397976070825
Transform:
  m_ObjectHideFlags: 0
  m_CorrespondingSourceObject: {fileID: 0}
  m_PrefabInstance: {fileID: 0}
  m_PrefabAsset: {fileID: 0}
  m_GameObject: {fileID: 725954763350116589}
  m_LocalRotation: {x: -0, y: -0, z: -0, w: 1}
  m_LocalPosition: {x: -2.599, y: 3.624, z: 1.263}
  m_LocalScale: {x: 1, y: 1, z: 1}
  m_Children: []
  m_Father: {fileID: 8672351452716854105}
  m_RootOrder: 5
  m_LocalEulerAnglesHint: {x: 0, y: 0, z: 0}
--- !u!65 &3311203753091931382
BoxCollider:
  m_ObjectHideFlags: 0
  m_CorrespondingSourceObject: {fileID: 0}
  m_PrefabInstance: {fileID: 0}
  m_PrefabAsset: {fileID: 0}
  m_GameObject: {fileID: 725954763350116589}
  m_Material: {fileID: 0}
  m_IsTrigger: 0
  m_Enabled: 1
  serializedVersion: 2
  m_Size: {x: 0.83, y: 0.15, z: 0.1}
  m_Center: {x: 0, y: 0, z: 0}
--- !u!1 &1601631151118220554
GameObject:
  m_ObjectHideFlags: 0
  m_CorrespondingSourceObject: {fileID: 0}
  m_PrefabInstance: {fileID: 0}
  m_PrefabAsset: {fileID: 0}
  serializedVersion: 6
  m_Component:
  - component: {fileID: 4610860977187970661}
  - component: {fileID: 4447289701110489258}
  - component: {fileID: 626569781221109944}
  m_Layer: 0
  m_Name: Light_group3_pCylinder2
  m_TagString: Untagged
  m_Icon: {fileID: 0}
  m_NavMeshLayer: 0
  m_StaticEditorFlags: 0
  m_IsActive: 1
--- !u!4 &4610860977187970661
Transform:
  m_ObjectHideFlags: 0
  m_CorrespondingSourceObject: {fileID: 0}
  m_PrefabInstance: {fileID: 0}
  m_PrefabAsset: {fileID: 0}
  m_GameObject: {fileID: 1601631151118220554}
  m_LocalRotation: {x: 0, y: -0, z: -0, w: 1}
  m_LocalPosition: {x: -0, y: 0, z: 0}
  m_LocalScale: {x: 1, y: 1, z: 1}
  m_Children: []
  m_Father: {fileID: 5975493580830424685}
  m_RootOrder: 4
  m_LocalEulerAnglesHint: {x: 0, y: 0, z: 0}
--- !u!33 &4447289701110489258
MeshFilter:
  m_ObjectHideFlags: 0
  m_CorrespondingSourceObject: {fileID: 0}
  m_PrefabInstance: {fileID: 0}
  m_PrefabAsset: {fileID: 0}
  m_GameObject: {fileID: 1601631151118220554}
  m_Mesh: {fileID: 4317991436169790576, guid: 728296d13e0726445acc3e1336904171, type: 3}
--- !u!23 &626569781221109944
MeshRenderer:
  m_ObjectHideFlags: 0
  m_CorrespondingSourceObject: {fileID: 0}
  m_PrefabInstance: {fileID: 0}
  m_PrefabAsset: {fileID: 0}
  m_GameObject: {fileID: 1601631151118220554}
  m_Enabled: 1
  m_CastShadows: 1
  m_ReceiveShadows: 1
  m_DynamicOccludee: 1
  m_MotionVectors: 1
  m_LightProbeUsage: 1
  m_ReflectionProbeUsage: 1
  m_RayTracingMode: 2
  m_RenderingLayerMask: 1
  m_RendererPriority: 0
  m_Materials:
  - {fileID: 2100000, guid: e0bc34dfd9c984541a995cf4437db9d1, type: 2}
  - {fileID: 2100000, guid: a1c280bc515991e489aa3c4fd93888b9, type: 2}
  - {fileID: 2100000, guid: b3e432904492eca41973d8f2333d7a0d, type: 2}
  - {fileID: 2100000, guid: ab0ec363ed09d5146b87b66156e9f6f1, type: 2}
  - {fileID: 2100000, guid: 9f9f3f36a154df6438576c4ec9eb1bef, type: 2}
  - {fileID: 2100000, guid: 77c70dd63435e7042bea3421cc2e4f09, type: 2}
  - {fileID: 2100000, guid: fede11250a3325240a349d0673e3add0, type: 2}
  - {fileID: 2100000, guid: d4332e8ccd6c62c429971dff955d347d, type: 2}
  - {fileID: 2100000, guid: 78196f4650ade724faf771232440168a, type: 2}
  - {fileID: 2100000, guid: 926902c118b6cf24e8015abc0192d46b, type: 2}
  - {fileID: 2100000, guid: ca9f564a337538d428dee764bf5630fa, type: 2}
  - {fileID: 2100000, guid: fbf0dd01d56977847ae15660b654dbf1, type: 2}
  - {fileID: 2100000, guid: 7758ea56c5fb75b4f8eebcb504315cda, type: 2}
  - {fileID: 2100000, guid: d8bd9b5ff96600042aeda77606607006, type: 2}
  - {fileID: 2100000, guid: cf7c50b47c553f149bbad3165c012e56, type: 2}
  - {fileID: 2100000, guid: fb2323f15799ae544997758053542885, type: 2}
  - {fileID: 2100000, guid: 6c912750a7a5a9f4e93598a5c9b2f64f, type: 2}
  - {fileID: 2100000, guid: 0645e96ebbea6b442994f625015aac1b, type: 2}
  - {fileID: 2100000, guid: 494c335e435778c429d41bd5608e9746, type: 2}
  - {fileID: 2100000, guid: a509c39ae32c0934ca8c973c8883c3ee, type: 2}
  - {fileID: 2100000, guid: 191ca3c5abfe0d24e947613e423386d3, type: 2}
  - {fileID: 2100000, guid: c1d123ae7dc479c4396eaa12c44c8272, type: 2}
  - {fileID: 2100000, guid: 4385792b80072444b9b463b6b44cfbd8, type: 2}
  - {fileID: 2100000, guid: 1e01e3ea193fe3a4a8977ce9a7ce558d, type: 2}
  - {fileID: 2100000, guid: 68c70974972a0d449896c9cbb6a9312d, type: 2}
  - {fileID: 2100000, guid: ede07f5ef47d78543b8ad7d3cb80226b, type: 2}
  - {fileID: 2100000, guid: 4d34edf357a859c409595e052dc7e53d, type: 2}
  m_StaticBatchInfo:
    firstSubMesh: 0
    subMeshCount: 0
  m_StaticBatchRoot: {fileID: 0}
  m_ProbeAnchor: {fileID: 0}
  m_LightProbeVolumeOverride: {fileID: 0}
  m_ScaleInLightmap: 1
  m_ReceiveGI: 1
  m_PreserveUVs: 0
  m_IgnoreNormalsForChartDetection: 0
  m_ImportantGI: 0
  m_StitchLightmapSeams: 1
  m_SelectedEditorRenderState: 3
  m_MinimumChartSize: 4
  m_AutoUVMaxDistance: 0.5
  m_AutoUVMaxAngle: 89
  m_LightmapParameters: {fileID: 0}
  m_SortingLayerID: 0
  m_SortingLayer: 0
  m_SortingOrder: 0
--- !u!1 &1774315488840611396
GameObject:
  m_ObjectHideFlags: 0
  m_CorrespondingSourceObject: {fileID: 0}
  m_PrefabInstance: {fileID: 0}
  m_PrefabAsset: {fileID: 0}
  serializedVersion: 6
  m_Component:
  - component: {fileID: 2011033287759173461}
  m_Layer: 0
  m_Name: PlayArea
  m_TagString: Untagged
  m_Icon: {fileID: 0}
  m_NavMeshLayer: 0
  m_StaticEditorFlags: 0
  m_IsActive: 0
--- !u!4 &2011033287759173461
Transform:
  m_ObjectHideFlags: 0
  m_CorrespondingSourceObject: {fileID: 0}
  m_PrefabInstance: {fileID: 0}
  m_PrefabAsset: {fileID: 0}
  m_GameObject: {fileID: 1774315488840611396}
  m_LocalRotation: {x: 0, y: -0, z: -0, w: 1}
  m_LocalPosition: {x: -0, y: 0, z: 0}
  m_LocalScale: {x: 1, y: 1, z: 1}
  m_Children:
  - {fileID: 9024029493921980197}
  - {fileID: 6709969525591450581}
  - {fileID: 5249440226339579564}
  - {fileID: 1342807080971853567}
  - {fileID: 6658418482484505355}
  - {fileID: 1579103569845025726}
  - {fileID: 4158450283769051954}
  - {fileID: 77092930951741927}
  m_Father: {fileID: 9210099624572238519}
  m_RootOrder: 1
  m_LocalEulerAnglesHint: {x: 0, y: 0, z: 0}
--- !u!1 &2388870019731633536
GameObject:
  m_ObjectHideFlags: 0
  m_CorrespondingSourceObject: {fileID: 0}
  m_PrefabInstance: {fileID: 0}
  m_PrefabAsset: {fileID: 0}
  serializedVersion: 6
  m_Component:
  - component: {fileID: 5249440226339579564}
  - component: {fileID: 6138816943904520895}
  - component: {fileID: 8119009033621932109}
  m_Layer: 0
  m_Name: PlayArea_outdoor3_notuse
  m_TagString: Untagged
  m_Icon: {fileID: 0}
  m_NavMeshLayer: 0
  m_StaticEditorFlags: 0
  m_IsActive: 0
--- !u!4 &5249440226339579564
Transform:
  m_ObjectHideFlags: 0
  m_CorrespondingSourceObject: {fileID: 0}
  m_PrefabInstance: {fileID: 0}
  m_PrefabAsset: {fileID: 0}
  m_GameObject: {fileID: 2388870019731633536}
  m_LocalRotation: {x: 0, y: -0, z: -0, w: 1}
  m_LocalPosition: {x: -0, y: 0, z: 0}
  m_LocalScale: {x: 1, y: 1, z: 1}
  m_Children: []
  m_Father: {fileID: 2011033287759173461}
  m_RootOrder: 2
  m_LocalEulerAnglesHint: {x: 0, y: 0, z: 0}
--- !u!33 &6138816943904520895
MeshFilter:
  m_ObjectHideFlags: 0
  m_CorrespondingSourceObject: {fileID: 0}
  m_PrefabInstance: {fileID: 0}
  m_PrefabAsset: {fileID: 0}
  m_GameObject: {fileID: 2388870019731633536}
  m_Mesh: {fileID: 3625835656793680670, guid: 728296d13e0726445acc3e1336904171, type: 3}
--- !u!23 &8119009033621932109
MeshRenderer:
  m_ObjectHideFlags: 0
  m_CorrespondingSourceObject: {fileID: 0}
  m_PrefabInstance: {fileID: 0}
  m_PrefabAsset: {fileID: 0}
  m_GameObject: {fileID: 2388870019731633536}
  m_Enabled: 0
  m_CastShadows: 1
  m_ReceiveShadows: 1
  m_DynamicOccludee: 1
  m_MotionVectors: 1
  m_LightProbeUsage: 1
  m_ReflectionProbeUsage: 1
  m_RayTracingMode: 2
  m_RenderingLayerMask: 1
  m_RendererPriority: 0
  m_Materials:
  - {fileID: 2100000, guid: 115787dd60dd0d648ab86f8306153124, type: 2}
  m_StaticBatchInfo:
    firstSubMesh: 0
    subMeshCount: 0
  m_StaticBatchRoot: {fileID: 0}
  m_ProbeAnchor: {fileID: 0}
  m_LightProbeVolumeOverride: {fileID: 0}
  m_ScaleInLightmap: 1
  m_ReceiveGI: 1
  m_PreserveUVs: 0
  m_IgnoreNormalsForChartDetection: 0
  m_ImportantGI: 0
  m_StitchLightmapSeams: 1
  m_SelectedEditorRenderState: 3
  m_MinimumChartSize: 4
  m_AutoUVMaxDistance: 0.5
  m_AutoUVMaxAngle: 89
  m_LightmapParameters: {fileID: 0}
  m_SortingLayerID: 0
  m_SortingLayer: 0
  m_SortingOrder: 0
--- !u!1 &2451020948856869236
GameObject:
  m_ObjectHideFlags: 0
  m_CorrespondingSourceObject: {fileID: 0}
  m_PrefabInstance: {fileID: 0}
  m_PrefabAsset: {fileID: 0}
  serializedVersion: 6
  m_Component:
  - component: {fileID: 4158450283769051954}
  - component: {fileID: 1163696065943656489}
  - component: {fileID: 1941439306606328836}
  - component: {fileID: 9042996620838233109}
  m_Layer: 0
  m_Name: PlayArea_outdoo3
  m_TagString: Untagged
  m_Icon: {fileID: 0}
  m_NavMeshLayer: 0
  m_StaticEditorFlags: 0
  m_IsActive: 1
--- !u!4 &4158450283769051954
Transform:
  m_ObjectHideFlags: 0
  m_CorrespondingSourceObject: {fileID: 0}
  m_PrefabInstance: {fileID: 0}
  m_PrefabAsset: {fileID: 0}
  m_GameObject: {fileID: 2451020948856869236}
  m_LocalRotation: {x: -0, y: -0, z: -0, w: 1}
  m_LocalPosition: {x: -6, y: 0, z: 0}
  m_LocalScale: {x: 0.3, y: 0.3, z: 0.3}
  m_Children: []
  m_Father: {fileID: 2011033287759173461}
  m_RootOrder: 6
  m_LocalEulerAnglesHint: {x: 0, y: 0, z: 0}
--- !u!33 &1163696065943656489
MeshFilter:
  m_ObjectHideFlags: 0
  m_CorrespondingSourceObject: {fileID: 0}
  m_PrefabInstance: {fileID: 0}
  m_PrefabAsset: {fileID: 0}
  m_GameObject: {fileID: 2451020948856869236}
  m_Mesh: {fileID: 10209, guid: 0000000000000000e000000000000000, type: 0}
--- !u!23 &1941439306606328836
MeshRenderer:
  m_ObjectHideFlags: 0
  m_CorrespondingSourceObject: {fileID: 0}
  m_PrefabInstance: {fileID: 0}
  m_PrefabAsset: {fileID: 0}
  m_GameObject: {fileID: 2451020948856869236}
  m_Enabled: 1
  m_CastShadows: 1
  m_ReceiveShadows: 1
  m_DynamicOccludee: 1
  m_MotionVectors: 1
  m_LightProbeUsage: 1
  m_ReflectionProbeUsage: 1
  m_RayTracingMode: 2
  m_RenderingLayerMask: 1
  m_RendererPriority: 0
  m_Materials:
  - {fileID: 10303, guid: 0000000000000000f000000000000000, type: 0}
  m_StaticBatchInfo:
    firstSubMesh: 0
    subMeshCount: 0
  m_StaticBatchRoot: {fileID: 0}
  m_ProbeAnchor: {fileID: 0}
  m_LightProbeVolumeOverride: {fileID: 0}
  m_ScaleInLightmap: 1
  m_ReceiveGI: 1
  m_PreserveUVs: 0
  m_IgnoreNormalsForChartDetection: 0
  m_ImportantGI: 0
  m_StitchLightmapSeams: 1
  m_SelectedEditorRenderState: 3
  m_MinimumChartSize: 4
  m_AutoUVMaxDistance: 0.5
  m_AutoUVMaxAngle: 89
  m_LightmapParameters: {fileID: 0}
  m_SortingLayerID: 0
  m_SortingLayer: 0
  m_SortingOrder: 0
--- !u!64 &9042996620838233109
MeshCollider:
  m_ObjectHideFlags: 0
  m_CorrespondingSourceObject: {fileID: 0}
  m_PrefabInstance: {fileID: 0}
  m_PrefabAsset: {fileID: 0}
  m_GameObject: {fileID: 2451020948856869236}
  m_Material: {fileID: 0}
  m_IsTrigger: 0
  m_Enabled: 1
  serializedVersion: 4
  m_Convex: 0
  m_CookingOptions: 30
  m_Mesh: {fileID: 10209, guid: 0000000000000000e000000000000000, type: 0}
--- !u!1 &2812714058708990412
GameObject:
  m_ObjectHideFlags: 0
  m_CorrespondingSourceObject: {fileID: 0}
  m_PrefabInstance: {fileID: 0}
  m_PrefabAsset: {fileID: 0}
  serializedVersion: 6
  m_Component:
  - component: {fileID: 1982772007445374866}
  - component: {fileID: 6310415356380060850}
  m_Layer: 0
  m_Name: Collider_OHL_Test_402 (2)
  m_TagString: Untagged
  m_Icon: {fileID: 0}
  m_NavMeshLayer: 0
  m_StaticEditorFlags: 0
  m_IsActive: 1
--- !u!4 &1982772007445374866
Transform:
  m_ObjectHideFlags: 0
  m_CorrespondingSourceObject: {fileID: 0}
  m_PrefabInstance: {fileID: 0}
  m_PrefabAsset: {fileID: 0}
  m_GameObject: {fileID: 2812714058708990412}
  m_LocalRotation: {x: -0, y: -0, z: -0, w: 1}
  m_LocalPosition: {x: -8.619, y: 3.624, z: 1.263}
  m_LocalScale: {x: 1, y: 1, z: 1}
  m_Children: []
  m_Father: {fileID: 8672351452716854105}
  m_RootOrder: 7
  m_LocalEulerAnglesHint: {x: 0, y: 0, z: 0}
--- !u!65 &6310415356380060850
BoxCollider:
  m_ObjectHideFlags: 0
  m_CorrespondingSourceObject: {fileID: 0}
  m_PrefabInstance: {fileID: 0}
  m_PrefabAsset: {fileID: 0}
  m_GameObject: {fileID: 2812714058708990412}
  m_Material: {fileID: 0}
  m_IsTrigger: 0
  m_Enabled: 1
  serializedVersion: 2
  m_Size: {x: 0.83, y: 0.15, z: 0.1}
  m_Center: {x: 0, y: 0, z: 0}
--- !u!1 &2939317413520223719
GameObject:
  m_ObjectHideFlags: 0
  m_CorrespondingSourceObject: {fileID: 0}
  m_PrefabInstance: {fileID: 0}
  m_PrefabAsset: {fileID: 0}
  serializedVersion: 6
  m_Component:
  - component: {fileID: 1397762746492475421}
  - component: {fileID: 878067766366900364}
  m_Layer: 0
  m_Name: Collider_OHL_Test_401
  m_TagString: Untagged
  m_Icon: {fileID: 0}
  m_NavMeshLayer: 0
  m_StaticEditorFlags: 0
  m_IsActive: 1
--- !u!4 &1397762746492475421
Transform:
  m_ObjectHideFlags: 0
  m_CorrespondingSourceObject: {fileID: 0}
  m_PrefabInstance: {fileID: 0}
  m_PrefabAsset: {fileID: 0}
  m_GameObject: {fileID: 2939317413520223719}
  m_LocalRotation: {x: -0, y: -0, z: -0, w: 1}
  m_LocalPosition: {x: 0.401, y: 3.624, z: 1.263}
  m_LocalScale: {x: 1, y: 1, z: 1}
  m_Children: []
  m_Father: {fileID: 8672351452716854105}
  m_RootOrder: 4
  m_LocalEulerAnglesHint: {x: 0, y: 0, z: 0}
--- !u!65 &878067766366900364
BoxCollider:
  m_ObjectHideFlags: 0
  m_CorrespondingSourceObject: {fileID: 0}
  m_PrefabInstance: {fileID: 0}
  m_PrefabAsset: {fileID: 0}
  m_GameObject: {fileID: 2939317413520223719}
  m_Material: {fileID: 0}
  m_IsTrigger: 0
  m_Enabled: 1
  serializedVersion: 2
  m_Size: {x: 0.83, y: 0.15, z: 0.1}
  m_Center: {x: 0, y: 0, z: 0}
--- !u!1 &3110167061423988264
GameObject:
  m_ObjectHideFlags: 0
  m_CorrespondingSourceObject: {fileID: 0}
  m_PrefabInstance: {fileID: 0}
  m_PrefabAsset: {fileID: 0}
  serializedVersion: 6
  m_Component:
  - component: {fileID: 2282262660952156226}
  - component: {fileID: 3804111922702753429}
  - component: {fileID: 7002695512475950412}
  m_Layer: 0
  m_Name: LT
  m_TagString: Untagged
  m_Icon: {fileID: 0}
  m_NavMeshLayer: 0
  m_StaticEditorFlags: 0
  m_IsActive: 1
--- !u!4 &2282262660952156226
Transform:
  m_ObjectHideFlags: 0
  m_CorrespondingSourceObject: {fileID: 0}
  m_PrefabInstance: {fileID: 0}
  m_PrefabAsset: {fileID: 0}
  m_GameObject: {fileID: 3110167061423988264}
  m_LocalRotation: {x: 0, y: -0, z: -0, w: 1}
  m_LocalPosition: {x: -0, y: 0, z: 0}
  m_LocalScale: {x: 1, y: 1, z: 1}
  m_Children: []
  m_Father: {fileID: 5975493580830424685}
  m_RootOrder: 5
  m_LocalEulerAnglesHint: {x: 0, y: 0, z: 0}
--- !u!33 &3804111922702753429
MeshFilter:
  m_ObjectHideFlags: 0
  m_CorrespondingSourceObject: {fileID: 0}
  m_PrefabInstance: {fileID: 0}
  m_PrefabAsset: {fileID: 0}
  m_GameObject: {fileID: 3110167061423988264}
  m_Mesh: {fileID: -1484590562482293223, guid: 728296d13e0726445acc3e1336904171, type: 3}
--- !u!23 &7002695512475950412
MeshRenderer:
  m_ObjectHideFlags: 0
  m_CorrespondingSourceObject: {fileID: 0}
  m_PrefabInstance: {fileID: 0}
  m_PrefabAsset: {fileID: 0}
  m_GameObject: {fileID: 3110167061423988264}
  m_Enabled: 1
  m_CastShadows: 1
  m_ReceiveShadows: 1
  m_DynamicOccludee: 1
  m_MotionVectors: 1
  m_LightProbeUsage: 1
  m_ReflectionProbeUsage: 1
  m_RayTracingMode: 2
  m_RenderingLayerMask: 1
  m_RendererPriority: 0
  m_Materials:
  - {fileID: 2100000, guid: d64c980bf7454f744bb6f627e5a4ec9a, type: 2}
  - {fileID: 2100000, guid: 719eb61fa1d7a99449a89363be5e240d, type: 2}
  - {fileID: 2100000, guid: 4e1e4ffed52bbd34db24d3e99145ab38, type: 2}
  - {fileID: 2100000, guid: 5acd5b52c97e4b84e90d77f220bae13e, type: 2}
  - {fileID: 2100000, guid: 7dbd97c8ebc90b7439e5c93c317cb210, type: 2}
  - {fileID: 2100000, guid: 1e27ecc0ec388e449865b8af2efed70d, type: 2}
  - {fileID: 2100000, guid: 207d0d1a7fe3ddb488ac7d8623dffc13, type: 2}
  - {fileID: 2100000, guid: 36d6c2ac36b499540b9c1cbdb432009c, type: 2}
  m_StaticBatchInfo:
    firstSubMesh: 0
    subMeshCount: 0
  m_StaticBatchRoot: {fileID: 0}
  m_ProbeAnchor: {fileID: 0}
  m_LightProbeVolumeOverride: {fileID: 0}
  m_ScaleInLightmap: 1
  m_ReceiveGI: 1
  m_PreserveUVs: 0
  m_IgnoreNormalsForChartDetection: 0
  m_ImportantGI: 0
  m_StitchLightmapSeams: 1
  m_SelectedEditorRenderState: 3
  m_MinimumChartSize: 4
  m_AutoUVMaxDistance: 0.5
  m_AutoUVMaxAngle: 89
  m_LightmapParameters: {fileID: 0}
  m_SortingLayerID: 0
  m_SortingLayer: 0
  m_SortingOrder: 0
--- !u!1 &4008406533401991032
GameObject:
  m_ObjectHideFlags: 0
  m_CorrespondingSourceObject: {fileID: 0}
  m_PrefabInstance: {fileID: 0}
  m_PrefabAsset: {fileID: 0}
  serializedVersion: 6
  m_Component:
  - component: {fileID: 2932294675035175625}
  - component: {fileID: 7132977208311619851}
  - component: {fileID: 7814253689644619596}
  m_Layer: 0
  m_Name: Door
  m_TagString: Untagged
  m_Icon: {fileID: 0}
  m_NavMeshLayer: 0
  m_StaticEditorFlags: 0
  m_IsActive: 1
--- !u!4 &2932294675035175625
Transform:
  m_ObjectHideFlags: 0
  m_CorrespondingSourceObject: {fileID: 0}
  m_PrefabInstance: {fileID: 0}
  m_PrefabAsset: {fileID: 0}
  m_GameObject: {fileID: 4008406533401991032}
  m_LocalRotation: {x: 0, y: -0, z: -0, w: 1}
  m_LocalPosition: {x: -0, y: 0, z: 0}
  m_LocalScale: {x: 1, y: 1, z: 1}
  m_Children: []
  m_Father: {fileID: 5975493580830424685}
  m_RootOrder: 0
  m_LocalEulerAnglesHint: {x: 0, y: 0, z: 0}
--- !u!33 &7132977208311619851
MeshFilter:
  m_ObjectHideFlags: 0
  m_CorrespondingSourceObject: {fileID: 0}
  m_PrefabInstance: {fileID: 0}
  m_PrefabAsset: {fileID: 0}
  m_GameObject: {fileID: 4008406533401991032}
  m_Mesh: {fileID: 2619086233303812490, guid: 728296d13e0726445acc3e1336904171, type: 3}
--- !u!23 &7814253689644619596
MeshRenderer:
  m_ObjectHideFlags: 0
  m_CorrespondingSourceObject: {fileID: 0}
  m_PrefabInstance: {fileID: 0}
  m_PrefabAsset: {fileID: 0}
  m_GameObject: {fileID: 4008406533401991032}
  m_Enabled: 1
  m_CastShadows: 1
  m_ReceiveShadows: 1
  m_DynamicOccludee: 1
  m_MotionVectors: 1
  m_LightProbeUsage: 1
  m_ReflectionProbeUsage: 1
  m_RayTracingMode: 2
  m_RenderingLayerMask: 1
  m_RendererPriority: 0
  m_Materials:
  - {fileID: 2100000, guid: 4dcc48c50dfe2614c8d497019b51cd2c, type: 2}
  - {fileID: 2100000, guid: b3e432904492eca41973d8f2333d7a0d, type: 2}
  m_StaticBatchInfo:
    firstSubMesh: 0
    subMeshCount: 0
  m_StaticBatchRoot: {fileID: 0}
  m_ProbeAnchor: {fileID: 0}
  m_LightProbeVolumeOverride: {fileID: 0}
  m_ScaleInLightmap: 1
  m_ReceiveGI: 1
  m_PreserveUVs: 0
  m_IgnoreNormalsForChartDetection: 0
  m_ImportantGI: 0
  m_StitchLightmapSeams: 1
  m_SelectedEditorRenderState: 3
  m_MinimumChartSize: 4
  m_AutoUVMaxDistance: 0.5
  m_AutoUVMaxAngle: 89
  m_LightmapParameters: {fileID: 0}
  m_SortingLayerID: 0
  m_SortingLayer: 0
  m_SortingOrder: 0
--- !u!1 &4385925793305609209
GameObject:
  m_ObjectHideFlags: 0
  m_CorrespondingSourceObject: {fileID: 0}
  m_PrefabInstance: {fileID: 0}
  m_PrefabAsset: {fileID: 0}
  serializedVersion: 6
  m_Component:
  - component: {fileID: 415489154344003756}
  - component: {fileID: 8936405899193978426}
  - component: {fileID: 5376961092040169140}
  m_Layer: 0
  m_Name: gate2
  m_TagString: Untagged
  m_Icon: {fileID: 0}
  m_NavMeshLayer: 0
  m_StaticEditorFlags: 0
  m_IsActive: 1
--- !u!4 &415489154344003756
Transform:
  m_ObjectHideFlags: 0
  m_CorrespondingSourceObject: {fileID: 0}
  m_PrefabInstance: {fileID: 0}
  m_PrefabAsset: {fileID: 0}
  m_GameObject: {fileID: 4385925793305609209}
  m_LocalRotation: {x: 0, y: -0, z: -0, w: 1}
  m_LocalPosition: {x: -5.6618633, y: 0.046604652, z: -0.21486297}
  m_LocalScale: {x: 1, y: 1, z: 1}
  m_Children: []
  m_Father: {fileID: 5975493580830424685}
  m_RootOrder: 2
  m_LocalEulerAnglesHint: {x: 0, y: 0, z: 0}
--- !u!33 &8936405899193978426
MeshFilter:
  m_ObjectHideFlags: 0
  m_CorrespondingSourceObject: {fileID: 0}
  m_PrefabInstance: {fileID: 0}
  m_PrefabAsset: {fileID: 0}
  m_GameObject: {fileID: 4385925793305609209}
  m_Mesh: {fileID: 4324424481870827862, guid: 728296d13e0726445acc3e1336904171, type: 3}
--- !u!23 &5376961092040169140
MeshRenderer:
  m_ObjectHideFlags: 0
  m_CorrespondingSourceObject: {fileID: 0}
  m_PrefabInstance: {fileID: 0}
  m_PrefabAsset: {fileID: 0}
  m_GameObject: {fileID: 4385925793305609209}
  m_Enabled: 1
  m_CastShadows: 1
  m_ReceiveShadows: 1
  m_DynamicOccludee: 1
  m_MotionVectors: 1
  m_LightProbeUsage: 1
  m_ReflectionProbeUsage: 1
  m_RayTracingMode: 2
  m_RenderingLayerMask: 1
  m_RendererPriority: 0
  m_Materials:
  - {fileID: 2100000, guid: 9deb92067c5f10a4d921ac8d220604af, type: 2}
  m_StaticBatchInfo:
    firstSubMesh: 0
    subMeshCount: 0
  m_StaticBatchRoot: {fileID: 0}
  m_ProbeAnchor: {fileID: 0}
  m_LightProbeVolumeOverride: {fileID: 0}
  m_ScaleInLightmap: 1
  m_ReceiveGI: 1
  m_PreserveUVs: 0
  m_IgnoreNormalsForChartDetection: 0
  m_ImportantGI: 0
  m_StitchLightmapSeams: 1
  m_SelectedEditorRenderState: 3
  m_MinimumChartSize: 4
  m_AutoUVMaxDistance: 0.5
  m_AutoUVMaxAngle: 89
  m_LightmapParameters: {fileID: 0}
  m_SortingLayerID: 0
  m_SortingLayer: 0
  m_SortingOrder: 0
--- !u!1 &4678286131631485443
GameObject:
  m_ObjectHideFlags: 0
  m_CorrespondingSourceObject: {fileID: 0}
  m_PrefabInstance: {fileID: 0}
  m_PrefabAsset: {fileID: 0}
  serializedVersion: 6
  m_Component:
  - component: {fileID: 1579103569845025726}
  - component: {fileID: 3783836003594344885}
  - component: {fileID: 8605988600607505489}
  - component: {fileID: 860872626057675117}
  m_Layer: 0
  m_Name: PlayArea_outdoo2
  m_TagString: Untagged
  m_Icon: {fileID: 0}
  m_NavMeshLayer: 0
  m_StaticEditorFlags: 0
  m_IsActive: 1
--- !u!4 &1579103569845025726
Transform:
  m_ObjectHideFlags: 0
  m_CorrespondingSourceObject: {fileID: 0}
  m_PrefabInstance: {fileID: 0}
  m_PrefabAsset: {fileID: 0}
  m_GameObject: {fileID: 4678286131631485443}
  m_LocalRotation: {x: -0, y: -0, z: -0, w: 1}
  m_LocalPosition: {x: -3, y: 0, z: 0}
  m_LocalScale: {x: 0.3, y: 0.3, z: 0.3}
  m_Children: []
  m_Father: {fileID: 2011033287759173461}
  m_RootOrder: 5
  m_LocalEulerAnglesHint: {x: 0, y: 0, z: 0}
--- !u!33 &3783836003594344885
MeshFilter:
  m_ObjectHideFlags: 0
  m_CorrespondingSourceObject: {fileID: 0}
  m_PrefabInstance: {fileID: 0}
  m_PrefabAsset: {fileID: 0}
  m_GameObject: {fileID: 4678286131631485443}
  m_Mesh: {fileID: 10209, guid: 0000000000000000e000000000000000, type: 0}
--- !u!23 &8605988600607505489
MeshRenderer:
  m_ObjectHideFlags: 0
  m_CorrespondingSourceObject: {fileID: 0}
  m_PrefabInstance: {fileID: 0}
  m_PrefabAsset: {fileID: 0}
  m_GameObject: {fileID: 4678286131631485443}
  m_Enabled: 1
  m_CastShadows: 1
  m_ReceiveShadows: 1
  m_DynamicOccludee: 1
  m_MotionVectors: 1
  m_LightProbeUsage: 1
  m_ReflectionProbeUsage: 1
  m_RayTracingMode: 2
  m_RenderingLayerMask: 1
  m_RendererPriority: 0
  m_Materials:
  - {fileID: 10303, guid: 0000000000000000f000000000000000, type: 0}
  m_StaticBatchInfo:
    firstSubMesh: 0
    subMeshCount: 0
  m_StaticBatchRoot: {fileID: 0}
  m_ProbeAnchor: {fileID: 0}
  m_LightProbeVolumeOverride: {fileID: 0}
  m_ScaleInLightmap: 1
  m_ReceiveGI: 1
  m_PreserveUVs: 0
  m_IgnoreNormalsForChartDetection: 0
  m_ImportantGI: 0
  m_StitchLightmapSeams: 1
  m_SelectedEditorRenderState: 3
  m_MinimumChartSize: 4
  m_AutoUVMaxDistance: 0.5
  m_AutoUVMaxAngle: 89
  m_LightmapParameters: {fileID: 0}
  m_SortingLayerID: 0
  m_SortingLayer: 0
  m_SortingOrder: 0
--- !u!64 &860872626057675117
MeshCollider:
  m_ObjectHideFlags: 0
  m_CorrespondingSourceObject: {fileID: 0}
  m_PrefabInstance: {fileID: 0}
  m_PrefabAsset: {fileID: 0}
  m_GameObject: {fileID: 4678286131631485443}
  m_Material: {fileID: 0}
  m_IsTrigger: 0
  m_Enabled: 1
  serializedVersion: 4
  m_Convex: 0
  m_CookingOptions: 30
  m_Mesh: {fileID: 10209, guid: 0000000000000000e000000000000000, type: 0}
--- !u!1 &5679329999458248235
GameObject:
  m_ObjectHideFlags: 0
  m_CorrespondingSourceObject: {fileID: 0}
  m_PrefabInstance: {fileID: 0}
  m_PrefabAsset: {fileID: 0}
  serializedVersion: 6
  m_Component:
  - component: {fileID: 4115071458904547589}
  - component: {fileID: 8502917216567248011}
  - component: {fileID: 3891449586645068132}
  m_Layer: 0
  m_Name: Light_group
  m_TagString: Untagged
  m_Icon: {fileID: 0}
  m_NavMeshLayer: 0
  m_StaticEditorFlags: 0
  m_IsActive: 1
--- !u!4 &4115071458904547589
Transform:
  m_ObjectHideFlags: 0
  m_CorrespondingSourceObject: {fileID: 0}
  m_PrefabInstance: {fileID: 0}
  m_PrefabAsset: {fileID: 0}
  m_GameObject: {fileID: 5679329999458248235}
  m_LocalRotation: {x: 0, y: -0, z: -0, w: 1}
  m_LocalPosition: {x: -11.639245, y: 4.726289, z: -8.030859}
  m_LocalScale: {x: 1, y: 1, z: 1}
  m_Children: []
  m_Father: {fileID: 5975493580830424685}
  m_RootOrder: 3
  m_LocalEulerAnglesHint: {x: 0, y: 0, z: 0}
--- !u!33 &8502917216567248011
MeshFilter:
  m_ObjectHideFlags: 0
  m_CorrespondingSourceObject: {fileID: 0}
  m_PrefabInstance: {fileID: 0}
  m_PrefabAsset: {fileID: 0}
  m_GameObject: {fileID: 5679329999458248235}
  m_Mesh: {fileID: 5722084596597059978, guid: 728296d13e0726445acc3e1336904171, type: 3}
--- !u!23 &3891449586645068132
MeshRenderer:
  m_ObjectHideFlags: 0
  m_CorrespondingSourceObject: {fileID: 0}
  m_PrefabInstance: {fileID: 0}
  m_PrefabAsset: {fileID: 0}
  m_GameObject: {fileID: 5679329999458248235}
  m_Enabled: 1
  m_CastShadows: 1
  m_ReceiveShadows: 1
  m_DynamicOccludee: 1
  m_MotionVectors: 1
  m_LightProbeUsage: 1
  m_ReflectionProbeUsage: 1
  m_RayTracingMode: 2
  m_RenderingLayerMask: 1
  m_RendererPriority: 0
  m_Materials:
  - {fileID: 2100000, guid: e0bc34dfd9c984541a995cf4437db9d1, type: 2}
  m_StaticBatchInfo:
    firstSubMesh: 0
    subMeshCount: 0
  m_StaticBatchRoot: {fileID: 0}
  m_ProbeAnchor: {fileID: 0}
  m_LightProbeVolumeOverride: {fileID: 0}
  m_ScaleInLightmap: 1
  m_ReceiveGI: 1
  m_PreserveUVs: 0
  m_IgnoreNormalsForChartDetection: 0
  m_ImportantGI: 0
  m_StitchLightmapSeams: 1
  m_SelectedEditorRenderState: 3
  m_MinimumChartSize: 4
  m_AutoUVMaxDistance: 0.5
  m_AutoUVMaxAngle: 89
  m_LightmapParameters: {fileID: 0}
  m_SortingLayerID: 0
  m_SortingLayer: 0
  m_SortingOrder: 0
--- !u!1 &6591144416982255002
GameObject:
  m_ObjectHideFlags: 0
  m_CorrespondingSourceObject: {fileID: 0}
  m_PrefabInstance: {fileID: 0}
  m_PrefabAsset: {fileID: 0}
  serializedVersion: 6
  m_Component:
  - component: {fileID: 77092930951741927}
  - component: {fileID: 2622611837132003473}
  - component: {fileID: 1873450102396973968}
  - component: {fileID: 4520769363912265950}
  m_Layer: 0
  m_Name: PlayArea_outdoo4
  m_TagString: Untagged
  m_Icon: {fileID: 0}
  m_NavMeshLayer: 0
  m_StaticEditorFlags: 0
  m_IsActive: 1
--- !u!4 &77092930951741927
Transform:
  m_ObjectHideFlags: 0
  m_CorrespondingSourceObject: {fileID: 0}
  m_PrefabInstance: {fileID: 0}
  m_PrefabAsset: {fileID: 0}
  m_GameObject: {fileID: 6591144416982255002}
  m_LocalRotation: {x: -0, y: -0, z: -0, w: 1}
  m_LocalPosition: {x: -9, y: 0, z: 0}
  m_LocalScale: {x: 0.3, y: 0.3, z: 0.3}
  m_Children: []
  m_Father: {fileID: 2011033287759173461}
  m_RootOrder: 7
  m_LocalEulerAnglesHint: {x: 0, y: 0, z: 0}
--- !u!33 &2622611837132003473
MeshFilter:
  m_ObjectHideFlags: 0
  m_CorrespondingSourceObject: {fileID: 0}
  m_PrefabInstance: {fileID: 0}
  m_PrefabAsset: {fileID: 0}
  m_GameObject: {fileID: 6591144416982255002}
  m_Mesh: {fileID: 10209, guid: 0000000000000000e000000000000000, type: 0}
--- !u!23 &1873450102396973968
MeshRenderer:
  m_ObjectHideFlags: 0
  m_CorrespondingSourceObject: {fileID: 0}
  m_PrefabInstance: {fileID: 0}
  m_PrefabAsset: {fileID: 0}
  m_GameObject: {fileID: 6591144416982255002}
  m_Enabled: 1
  m_CastShadows: 1
  m_ReceiveShadows: 1
  m_DynamicOccludee: 1
  m_MotionVectors: 1
  m_LightProbeUsage: 1
  m_ReflectionProbeUsage: 1
  m_RayTracingMode: 2
  m_RenderingLayerMask: 1
  m_RendererPriority: 0
  m_Materials:
  - {fileID: 10303, guid: 0000000000000000f000000000000000, type: 0}
  m_StaticBatchInfo:
    firstSubMesh: 0
    subMeshCount: 0
  m_StaticBatchRoot: {fileID: 0}
  m_ProbeAnchor: {fileID: 0}
  m_LightProbeVolumeOverride: {fileID: 0}
  m_ScaleInLightmap: 1
  m_ReceiveGI: 1
  m_PreserveUVs: 0
  m_IgnoreNormalsForChartDetection: 0
  m_ImportantGI: 0
  m_StitchLightmapSeams: 1
  m_SelectedEditorRenderState: 3
  m_MinimumChartSize: 4
  m_AutoUVMaxDistance: 0.5
  m_AutoUVMaxAngle: 89
  m_LightmapParameters: {fileID: 0}
  m_SortingLayerID: 0
  m_SortingLayer: 0
  m_SortingOrder: 0
--- !u!64 &4520769363912265950
MeshCollider:
  m_ObjectHideFlags: 0
  m_CorrespondingSourceObject: {fileID: 0}
  m_PrefabInstance: {fileID: 0}
  m_PrefabAsset: {fileID: 0}
  m_GameObject: {fileID: 6591144416982255002}
  m_Material: {fileID: 0}
  m_IsTrigger: 0
  m_Enabled: 1
  serializedVersion: 4
  m_Convex: 0
  m_CookingOptions: 30
  m_Mesh: {fileID: 10209, guid: 0000000000000000e000000000000000, type: 0}
--- !u!1 &6866870553855506512
GameObject:
  m_ObjectHideFlags: 0
  m_CorrespondingSourceObject: {fileID: 0}
  m_PrefabInstance: {fileID: 0}
  m_PrefabAsset: {fileID: 0}
  serializedVersion: 6
  m_Component:
  - component: {fileID: 4789487887988363983}
  - component: {fileID: 348304158227342139}
  m_Layer: 0
  m_Name: Collider_OHL_Test_402 (1)
  m_TagString: Untagged
  m_Icon: {fileID: 0}
  m_NavMeshLayer: 0
  m_StaticEditorFlags: 0
  m_IsActive: 1
--- !u!4 &4789487887988363983
Transform:
  m_ObjectHideFlags: 0
  m_CorrespondingSourceObject: {fileID: 0}
  m_PrefabInstance: {fileID: 0}
  m_PrefabAsset: {fileID: 0}
  m_GameObject: {fileID: 6866870553855506512}
  m_LocalRotation: {x: -0, y: -0, z: -0, w: 1}
  m_LocalPosition: {x: -5.629, y: 3.624, z: 1.263}
  m_LocalScale: {x: 1, y: 1, z: 1}
  m_Children: []
  m_Father: {fileID: 8672351452716854105}
  m_RootOrder: 6
  m_LocalEulerAnglesHint: {x: 0, y: 0, z: 0}
--- !u!65 &348304158227342139
BoxCollider:
  m_ObjectHideFlags: 0
  m_CorrespondingSourceObject: {fileID: 0}
  m_PrefabInstance: {fileID: 0}
  m_PrefabAsset: {fileID: 0}
  m_GameObject: {fileID: 6866870553855506512}
  m_Material: {fileID: 0}
  m_IsTrigger: 0
  m_Enabled: 1
  serializedVersion: 2
  m_Size: {x: 0.83, y: 0.15, z: 0.1}
  m_Center: {x: 0, y: 0, z: 0}
--- !u!1 &6950228729192551778
GameObject:
  m_ObjectHideFlags: 0
  m_CorrespondingSourceObject: {fileID: 0}
  m_PrefabInstance: {fileID: 0}
  m_PrefabAsset: {fileID: 0}
  serializedVersion: 6
  m_Component:
  - component: {fileID: 6709969525591450581}
  - component: {fileID: 6497002635125762784}
  - component: {fileID: 3471462524387868690}
  m_Layer: 0
  m_Name: PlayArea_outdoor2_notuse
  m_TagString: Untagged
  m_Icon: {fileID: 0}
  m_NavMeshLayer: 0
  m_StaticEditorFlags: 0
  m_IsActive: 0
--- !u!4 &6709969525591450581
Transform:
  m_ObjectHideFlags: 0
  m_CorrespondingSourceObject: {fileID: 0}
  m_PrefabInstance: {fileID: 0}
  m_PrefabAsset: {fileID: 0}
  m_GameObject: {fileID: 6950228729192551778}
  m_LocalRotation: {x: 0, y: -0, z: -0, w: 1}
  m_LocalPosition: {x: -0, y: 0, z: 0}
  m_LocalScale: {x: 1, y: 1, z: 1}
  m_Children: []
  m_Father: {fileID: 2011033287759173461}
  m_RootOrder: 1
  m_LocalEulerAnglesHint: {x: 0, y: 0, z: 0}
--- !u!33 &6497002635125762784
MeshFilter:
  m_ObjectHideFlags: 0
  m_CorrespondingSourceObject: {fileID: 0}
  m_PrefabInstance: {fileID: 0}
  m_PrefabAsset: {fileID: 0}
  m_GameObject: {fileID: 6950228729192551778}
  m_Mesh: {fileID: -4576938507784861946, guid: 728296d13e0726445acc3e1336904171, type: 3}
--- !u!23 &3471462524387868690
MeshRenderer:
  m_ObjectHideFlags: 0
  m_CorrespondingSourceObject: {fileID: 0}
  m_PrefabInstance: {fileID: 0}
  m_PrefabAsset: {fileID: 0}
  m_GameObject: {fileID: 6950228729192551778}
  m_Enabled: 0
  m_CastShadows: 1
  m_ReceiveShadows: 1
  m_DynamicOccludee: 1
  m_MotionVectors: 1
  m_LightProbeUsage: 1
  m_ReflectionProbeUsage: 1
  m_RayTracingMode: 2
  m_RenderingLayerMask: 1
  m_RendererPriority: 0
  m_Materials:
  - {fileID: 2100000, guid: 115787dd60dd0d648ab86f8306153124, type: 2}
  m_StaticBatchInfo:
    firstSubMesh: 0
    subMeshCount: 0
  m_StaticBatchRoot: {fileID: 0}
  m_ProbeAnchor: {fileID: 0}
  m_LightProbeVolumeOverride: {fileID: 0}
  m_ScaleInLightmap: 1
  m_ReceiveGI: 1
  m_PreserveUVs: 0
  m_IgnoreNormalsForChartDetection: 0
  m_ImportantGI: 0
  m_StitchLightmapSeams: 1
  m_SelectedEditorRenderState: 3
  m_MinimumChartSize: 4
  m_AutoUVMaxDistance: 0.5
  m_AutoUVMaxAngle: 89
  m_LightmapParameters: {fileID: 0}
  m_SortingLayerID: 0
  m_SortingLayer: 0
  m_SortingOrder: 0
--- !u!1 &7272639186655156493
GameObject:
  m_ObjectHideFlags: 0
  m_CorrespondingSourceObject: {fileID: 0}
  m_PrefabInstance: {fileID: 0}
  m_PrefabAsset: {fileID: 0}
  serializedVersion: 6
  m_Component:
  - component: {fileID: 6658418482484505355}
  - component: {fileID: 8525777965139863765}
  - component: {fileID: 2387384532282551433}
  - component: {fileID: 4031678556972852578}
  m_Layer: 0
  m_Name: PlayArea_outdoor1
  m_TagString: Untagged
  m_Icon: {fileID: 0}
  m_NavMeshLayer: 0
  m_StaticEditorFlags: 0
  m_IsActive: 1
--- !u!4 &6658418482484505355
Transform:
  m_ObjectHideFlags: 0
  m_CorrespondingSourceObject: {fileID: 0}
  m_PrefabInstance: {fileID: 0}
  m_PrefabAsset: {fileID: 0}
  m_GameObject: {fileID: 7272639186655156493}
  m_LocalRotation: {x: -0, y: -0, z: -0, w: 1}
  m_LocalPosition: {x: 0, y: 0, z: 0}
  m_LocalScale: {x: 0.3, y: 0.3, z: 0.3}
  m_Children: []
  m_Father: {fileID: 2011033287759173461}
  m_RootOrder: 4
  m_LocalEulerAnglesHint: {x: 0, y: 0, z: 0}
--- !u!33 &8525777965139863765
MeshFilter:
  m_ObjectHideFlags: 0
  m_CorrespondingSourceObject: {fileID: 0}
  m_PrefabInstance: {fileID: 0}
  m_PrefabAsset: {fileID: 0}
  m_GameObject: {fileID: 7272639186655156493}
  m_Mesh: {fileID: 10209, guid: 0000000000000000e000000000000000, type: 0}
--- !u!23 &2387384532282551433
MeshRenderer:
  m_ObjectHideFlags: 0
  m_CorrespondingSourceObject: {fileID: 0}
  m_PrefabInstance: {fileID: 0}
  m_PrefabAsset: {fileID: 0}
  m_GameObject: {fileID: 7272639186655156493}
  m_Enabled: 1
  m_CastShadows: 1
  m_ReceiveShadows: 1
  m_DynamicOccludee: 1
  m_MotionVectors: 1
  m_LightProbeUsage: 1
  m_ReflectionProbeUsage: 1
  m_RayTracingMode: 2
  m_RenderingLayerMask: 1
  m_RendererPriority: 0
  m_Materials:
  - {fileID: 10303, guid: 0000000000000000f000000000000000, type: 0}
  m_StaticBatchInfo:
    firstSubMesh: 0
    subMeshCount: 0
  m_StaticBatchRoot: {fileID: 0}
  m_ProbeAnchor: {fileID: 0}
  m_LightProbeVolumeOverride: {fileID: 0}
  m_ScaleInLightmap: 1
  m_ReceiveGI: 1
  m_PreserveUVs: 0
  m_IgnoreNormalsForChartDetection: 0
  m_ImportantGI: 0
  m_StitchLightmapSeams: 1
  m_SelectedEditorRenderState: 3
  m_MinimumChartSize: 4
  m_AutoUVMaxDistance: 0.5
  m_AutoUVMaxAngle: 89
  m_LightmapParameters: {fileID: 0}
  m_SortingLayerID: 0
  m_SortingLayer: 0
  m_SortingOrder: 0
--- !u!64 &4031678556972852578
MeshCollider:
  m_ObjectHideFlags: 0
  m_CorrespondingSourceObject: {fileID: 0}
  m_PrefabInstance: {fileID: 0}
  m_PrefabAsset: {fileID: 0}
  m_GameObject: {fileID: 7272639186655156493}
  m_Material: {fileID: 0}
  m_IsTrigger: 0
  m_Enabled: 1
  serializedVersion: 4
  m_Convex: 0
  m_CookingOptions: 30
  m_Mesh: {fileID: 10209, guid: 0000000000000000e000000000000000, type: 0}
--- !u!1 &7638037343462806384
GameObject:
  m_ObjectHideFlags: 0
  m_CorrespondingSourceObject: {fileID: 0}
  m_PrefabInstance: {fileID: 0}
  m_PrefabAsset: {fileID: 0}
  serializedVersion: 6
  m_Component:
  - component: {fileID: 1342807080971853567}
  - component: {fileID: 5502693859974798976}
  - component: {fileID: 4823362824823627353}
  m_Layer: 0
  m_Name: PlayArea_outdoor4_notuse
  m_TagString: Untagged
  m_Icon: {fileID: 0}
  m_NavMeshLayer: 0
  m_StaticEditorFlags: 0
  m_IsActive: 0
--- !u!4 &1342807080971853567
Transform:
  m_ObjectHideFlags: 0
  m_CorrespondingSourceObject: {fileID: 0}
  m_PrefabInstance: {fileID: 0}
  m_PrefabAsset: {fileID: 0}
  m_GameObject: {fileID: 7638037343462806384}
  m_LocalRotation: {x: 0, y: -0, z: -0, w: 1}
  m_LocalPosition: {x: -0, y: 0, z: 0}
  m_LocalScale: {x: 1, y: 1, z: 1}
  m_Children: []
  m_Father: {fileID: 2011033287759173461}
  m_RootOrder: 3
  m_LocalEulerAnglesHint: {x: 0, y: 0, z: 0}
--- !u!33 &5502693859974798976
MeshFilter:
  m_ObjectHideFlags: 0
  m_CorrespondingSourceObject: {fileID: 0}
  m_PrefabInstance: {fileID: 0}
  m_PrefabAsset: {fileID: 0}
  m_GameObject: {fileID: 7638037343462806384}
  m_Mesh: {fileID: 7775652863561234326, guid: 728296d13e0726445acc3e1336904171, type: 3}
--- !u!23 &4823362824823627353
MeshRenderer:
  m_ObjectHideFlags: 0
  m_CorrespondingSourceObject: {fileID: 0}
  m_PrefabInstance: {fileID: 0}
  m_PrefabAsset: {fileID: 0}
  m_GameObject: {fileID: 7638037343462806384}
  m_Enabled: 0
  m_CastShadows: 1
  m_ReceiveShadows: 1
  m_DynamicOccludee: 1
  m_MotionVectors: 1
  m_LightProbeUsage: 1
  m_ReflectionProbeUsage: 1
  m_RayTracingMode: 2
  m_RenderingLayerMask: 1
  m_RendererPriority: 0
  m_Materials:
  - {fileID: 2100000, guid: 115787dd60dd0d648ab86f8306153124, type: 2}
  m_StaticBatchInfo:
    firstSubMesh: 0
    subMeshCount: 0
  m_StaticBatchRoot: {fileID: 0}
  m_ProbeAnchor: {fileID: 0}
  m_LightProbeVolumeOverride: {fileID: 0}
  m_ScaleInLightmap: 1
  m_ReceiveGI: 1
  m_PreserveUVs: 0
  m_IgnoreNormalsForChartDetection: 0
  m_ImportantGI: 0
  m_StitchLightmapSeams: 1
  m_SelectedEditorRenderState: 3
  m_MinimumChartSize: 4
  m_AutoUVMaxDistance: 0.5
  m_AutoUVMaxAngle: 89
  m_LightmapParameters: {fileID: 0}
  m_SortingLayerID: 0
  m_SortingLayer: 0
  m_SortingOrder: 0
--- !u!1 &8402318751858843661
GameObject:
  m_ObjectHideFlags: 0
  m_CorrespondingSourceObject: {fileID: 0}
  m_PrefabInstance: {fileID: 0}
  m_PrefabAsset: {fileID: 0}
  serializedVersion: 6
  m_Component:
  - component: {fileID: 9210099624572238519}
  m_Layer: 0
  m_Name: TIS_Outdoor_prefab
  m_TagString: Untagged
  m_Icon: {fileID: 0}
  m_NavMeshLayer: 0
  m_StaticEditorFlags: 0
  m_IsActive: 1
--- !u!4 &9210099624572238519
Transform:
  m_ObjectHideFlags: 0
  m_CorrespondingSourceObject: {fileID: 0}
  m_PrefabInstance: {fileID: 0}
  m_PrefabAsset: {fileID: 0}
  m_GameObject: {fileID: 8402318751858843661}
  m_LocalRotation: {x: 0, y: -0, z: -0, w: 1}
  m_LocalPosition: {x: -0, y: 0, z: 0}
  m_LocalScale: {x: 1, y: 1, z: 1}
  m_Children:
  - {fileID: 5975493580830424685}
  - {fileID: 2011033287759173461}
  - {fileID: 8672351452725253956}
  - {fileID: 8672351452716854105}
  m_Father: {fileID: 0}
  m_RootOrder: 0
  m_LocalEulerAnglesHint: {x: 0, y: 0, z: 0}
--- !u!1 &8460234266871238982
GameObject:
  m_ObjectHideFlags: 0
  m_CorrespondingSourceObject: {fileID: 0}
  m_PrefabInstance: {fileID: 0}
  m_PrefabAsset: {fileID: 0}
  serializedVersion: 6
  m_Component:
  - component: {fileID: 5975493580830424685}
  m_Layer: 0
  m_Name: Model
  m_TagString: Untagged
  m_Icon: {fileID: 0}
  m_NavMeshLayer: 0
  m_StaticEditorFlags: 0
  m_IsActive: 1
--- !u!4 &5975493580830424685
Transform:
  m_ObjectHideFlags: 0
  m_CorrespondingSourceObject: {fileID: 0}
  m_PrefabInstance: {fileID: 0}
  m_PrefabAsset: {fileID: 0}
  m_GameObject: {fileID: 8460234266871238982}
  m_LocalRotation: {x: 0, y: -0, z: -0, w: 1}
  m_LocalPosition: {x: -0, y: 0, z: 0}
  m_LocalScale: {x: 1, y: 1, z: 1}
  m_Children:
  - {fileID: 2932294675035175625}
  - {fileID: 7457565504908932366}
  - {fileID: 415489154344003756}
  - {fileID: 4115071458904547589}
  - {fileID: 4610860977187970661}
  - {fileID: 2282262660952156226}
  m_Father: {fileID: 9210099624572238519}
  m_RootOrder: 0
  m_LocalEulerAnglesHint: {x: 0, y: 0, z: 0}
--- !u!1 &8672351451963488149
GameObject:
  m_ObjectHideFlags: 0
  m_CorrespondingSourceObject: {fileID: 0}
  m_PrefabInstance: {fileID: 0}
  m_PrefabAsset: {fileID: 0}
  serializedVersion: 6
  m_Component:
  - component: {fileID: 8672351451963488148}
  - component: {fileID: 8672351451963488154}
  - component: {fileID: 8672351451963488155}
  m_Layer: 0
  m_Name: Postprocessing_TIS_outdoor
  m_TagString: Untagged
  m_Icon: {fileID: 0}
  m_NavMeshLayer: 0
  m_StaticEditorFlags: 0
  m_IsActive: 1
--- !u!4 &8672351451963488148
Transform:
  m_ObjectHideFlags: 0
  m_CorrespondingSourceObject: {fileID: 0}
  m_PrefabInstance: {fileID: 0}
  m_PrefabAsset: {fileID: 0}
  m_GameObject: {fileID: 8672351451963488149}
  m_LocalRotation: {x: 0, y: 0, z: 0, w: 1}
  m_LocalPosition: {x: -12.49, y: 4.82, z: -8.11}
  m_LocalScale: {x: 1, y: 1, z: 1}
  m_Children: []
  m_Father: {fileID: 8672351452725253956}
  m_RootOrder: 1
  m_LocalEulerAnglesHint: {x: 0, y: 0, z: 0}
--- !u!65 &8672351451963488154
BoxCollider:
  m_ObjectHideFlags: 0
  m_CorrespondingSourceObject: {fileID: 0}
  m_PrefabInstance: {fileID: 0}
  m_PrefabAsset: {fileID: 0}
  m_GameObject: {fileID: 8672351451963488149}
  m_Material: {fileID: 0}
  m_IsTrigger: 0
  m_Enabled: 1
  serializedVersion: 2
  m_Size: {x: 40, y: 20, z: 40}
  m_Center: {x: 0, y: 0, z: 0}
--- !u!114 &8672351451963488155
MonoBehaviour:
  m_ObjectHideFlags: 0
  m_CorrespondingSourceObject: {fileID: 0}
  m_PrefabInstance: {fileID: 0}
  m_PrefabAsset: {fileID: 0}
  m_GameObject: {fileID: 8672351451963488149}
  m_Enabled: 1
  m_EditorHideFlags: 0
  m_Script: {fileID: 11500000, guid: 8b9a305e18de0c04dbd257a21cd47087, type: 3}
  m_Name: 
  m_EditorClassIdentifier: 
  sharedProfile: {fileID: 11400000, guid: cc07339cfa284484991afa78e4d0214b, type: 2}
  isGlobal: 0
  blendDistance: 0
  weight: 1
  priority: 0
--- !u!1 &8672351452716854106
GameObject:
  m_ObjectHideFlags: 0
  m_CorrespondingSourceObject: {fileID: 0}
  m_PrefabInstance: {fileID: 0}
  m_PrefabAsset: {fileID: 0}
  serializedVersion: 6
  m_Component:
  - component: {fileID: 8672351452716854105}
  m_Layer: 0
  m_Name: Outdoor_control
  m_TagString: Untagged
  m_Icon: {fileID: 0}
  m_NavMeshLayer: 0
  m_StaticEditorFlags: 0
  m_IsActive: 1
--- !u!4 &8672351452716854105
Transform:
  m_ObjectHideFlags: 0
  m_CorrespondingSourceObject: {fileID: 0}
  m_PrefabInstance: {fileID: 0}
  m_PrefabAsset: {fileID: 0}
  m_GameObject: {fileID: 8672351452716854106}
  m_LocalRotation: {x: 0, y: 0, z: 0, w: 1}
  m_LocalPosition: {x: 0, y: 0, z: 0}
  m_LocalScale: {x: 1, y: 1, z: 1}
  m_Children:
  - {fileID: 9210099624004608138}
  - {fileID: 5046215289226005916}
  - {fileID: 8473073286485635221}
  - {fileID: 3281436040252664691}
  - {fileID: 1397762746492475421}
  - {fileID: 2345477397976070825}
  - {fileID: 4789487887988363983}
  - {fileID: 1982772007445374866}
  m_Father: {fileID: 9210099624572238519}
  m_RootOrder: 3
  m_LocalEulerAnglesHint: {x: 0, y: 0, z: 0}
--- !u!1 &8672351452725253957
GameObject:
  m_ObjectHideFlags: 0
  m_CorrespondingSourceObject: {fileID: 0}
  m_PrefabInstance: {fileID: 0}
  m_PrefabAsset: {fileID: 0}
  serializedVersion: 6
  m_Component:
  - component: {fileID: 8672351452725253956}
  m_Layer: 0
  m_Name: Lighting
  m_TagString: Untagged
  m_Icon: {fileID: 0}
  m_NavMeshLayer: 0
  m_StaticEditorFlags: 0
  m_IsActive: 1
--- !u!4 &8672351452725253956
Transform:
  m_ObjectHideFlags: 0
  m_CorrespondingSourceObject: {fileID: 0}
  m_PrefabInstance: {fileID: 0}
  m_PrefabAsset: {fileID: 0}
  m_GameObject: {fileID: 8672351452725253957}
  m_LocalRotation: {x: 0, y: 0, z: 0, w: 1}
  m_LocalPosition: {x: 0, y: 0, z: 0}
  m_LocalScale: {x: 1, y: 1, z: 1}
  m_Children:
  - {fileID: 8672351453722280215}
  - {fileID: 8672351451963488148}
  - {fileID: 8672351452902391628}
  m_Father: {fileID: 9210099624572238519}
  m_RootOrder: 2
  m_LocalEulerAnglesHint: {x: 0, y: 0, z: 0}
--- !u!1 &8672351452902391629
GameObject:
  m_ObjectHideFlags: 0
  m_CorrespondingSourceObject: {fileID: 0}
  m_PrefabInstance: {fileID: 0}
  m_PrefabAsset: {fileID: 0}
  serializedVersion: 6
  m_Component:
  - component: {fileID: 8672351452902391628}
  - component: {fileID: 8672351452902391635}
  m_Layer: 0
  m_Name: Reflection Probe
  m_TagString: Untagged
  m_Icon: {fileID: 0}
  m_NavMeshLayer: 0
  m_StaticEditorFlags: 0
  m_IsActive: 1
--- !u!4 &8672351452902391628
Transform:
  m_ObjectHideFlags: 0
  m_CorrespondingSourceObject: {fileID: 0}
  m_PrefabInstance: {fileID: 0}
  m_PrefabAsset: {fileID: 0}
  m_GameObject: {fileID: 8672351452902391629}
  m_LocalRotation: {x: 0, y: 0, z: 0, w: 1}
  m_LocalPosition: {x: -3.92, y: 2.46, z: 0}
  m_LocalScale: {x: 1, y: 1, z: 1}
  m_Children: []
  m_Father: {fileID: 8672351452725253956}
  m_RootOrder: 2
  m_LocalEulerAnglesHint: {x: 0, y: 0, z: 0}
--- !u!215 &8672351452902391635
ReflectionProbe:
  m_ObjectHideFlags: 0
  m_CorrespondingSourceObject: {fileID: 0}
  m_PrefabInstance: {fileID: 0}
  m_PrefabAsset: {fileID: 0}
  m_GameObject: {fileID: 8672351452902391629}
  m_Enabled: 1
  serializedVersion: 2
  m_Type: 0
  m_Mode: 1
  m_RefreshMode: 0
  m_TimeSlicingMode: 0
  m_Resolution: 128
  m_UpdateFrequency: 0
  m_BoxSize: {x: 17.320965, y: 10, z: 8.225267}
  m_BoxOffset: {x: -0.3277912, y: 0, z: 0.8873663}
  m_NearClip: 0.3
  m_FarClip: 1000
  m_ShadowDistance: 100
  m_ClearFlags: 1
  m_BackGroundColor: {r: 0.19215687, g: 0.3019608, b: 0.4745098, a: 0}
  m_CullingMask:
    serializedVersion: 2
    m_Bits: 4294967295
  m_IntensityMultiplier: 1
  m_BlendDistance: 1
  m_HDR: 1
  m_BoxProjection: 0
  m_RenderDynamicObjects: 0
  m_UseOcclusionCulling: 1
  m_Importance: 1
  m_CustomBakedTexture: {fileID: 0}
--- !u!1 &8672351453722280208
GameObject:
  m_ObjectHideFlags: 0
  m_CorrespondingSourceObject: {fileID: 0}
  m_PrefabInstance: {fileID: 0}
  m_PrefabAsset: {fileID: 0}
  serializedVersion: 6
  m_Component:
  - component: {fileID: 8672351453722280215}
  - component: {fileID: 8672351453722280214}
  m_Layer: 0
  m_Name: Directional Light
  m_TagString: Untagged
  m_Icon: {fileID: 0}
  m_NavMeshLayer: 0
  m_StaticEditorFlags: 0
  m_IsActive: 1
--- !u!4 &8672351453722280215
Transform:
  m_ObjectHideFlags: 0
  m_CorrespondingSourceObject: {fileID: 0}
  m_PrefabInstance: {fileID: 0}
  m_PrefabAsset: {fileID: 0}
  m_GameObject: {fileID: 8672351453722280208}
  m_LocalRotation: {x: 0.4253139, y: 0.22172816, z: -0.03686955, w: 0.87669003}
  m_LocalPosition: {x: -20.616812, y: 6.990962, z: -8.360234}
  m_LocalScale: {x: 1, y: 1, z: 1}
  m_Children: []
  m_Father: {fileID: 8672351452725253956}
  m_RootOrder: 0
  m_LocalEulerAnglesHint: {x: 49.649002, y: 393.505, z: 371.038}
--- !u!108 &8672351453722280214
Light:
  m_ObjectHideFlags: 0
  m_CorrespondingSourceObject: {fileID: 0}
  m_PrefabInstance: {fileID: 0}
  m_PrefabAsset: {fileID: 0}
  m_GameObject: {fileID: 8672351453722280208}
  m_Enabled: 1
  serializedVersion: 10
  m_Type: 1
  m_Shape: 0
  m_Color: {r: 1, g: 1, b: 1, a: 1}
  m_Intensity: 0.56
  m_Range: 10
  m_SpotAngle: 30
  m_InnerSpotAngle: 21.80208
  m_CookieSize: 10
  m_Shadows:
    m_Type: 2
    m_Resolution: -1
    m_CustomResolution: -1
    m_Strength: 0.593
    m_Bias: 0.05
    m_NormalBias: 0.4
    m_NearPlane: 0.2
    m_CullingMatrixOverride:
      e00: 1
      e01: 0
      e02: 0
      e03: 0
      e10: 0
      e11: 1
      e12: 0
      e13: 0
      e20: 0
      e21: 0
      e22: 1
      e23: 0
      e30: 0
      e31: 0
      e32: 0
      e33: 1
    m_UseCullingMatrixOverride: 0
  m_Cookie: {fileID: 0}
  m_DrawHalo: 0
  m_Flare: {fileID: 0}
  m_RenderMode: 0
  m_CullingMask:
    serializedVersion: 2
    m_Bits: 4294967295
  m_RenderingLayerMask: 1
  m_Lightmapping: 4
  m_LightShadowCasterMode: 0
  m_AreaSize: {x: 1, y: 1}
  m_BounceIntensity: 1
  m_ColorTemperature: 6570
  m_UseColorTemperature: 0
  m_BoundingSphereOverride: {x: 0, y: 0, z: 0, w: 0}
  m_UseBoundingSphereOverride: 0
  m_ShadowRadius: 0
  m_ShadowAngle: 0
--- !u!1 &8801299513865347888
GameObject:
  m_ObjectHideFlags: 0
  m_CorrespondingSourceObject: {fileID: 0}
  m_PrefabInstance: {fileID: 0}
  m_PrefabAsset: {fileID: 0}
  serializedVersion: 6
  m_Component:
  - component: {fileID: 9024029493921980197}
  - component: {fileID: 7170972129350239747}
  - component: {fileID: 7007885322569759913}
  m_Layer: 0
  m_Name: PlayArea_outdoor1_notuse
  m_TagString: Untagged
  m_Icon: {fileID: 0}
  m_NavMeshLayer: 0
  m_StaticEditorFlags: 0
  m_IsActive: 0
--- !u!4 &9024029493921980197
Transform:
  m_ObjectHideFlags: 0
  m_CorrespondingSourceObject: {fileID: 0}
  m_PrefabInstance: {fileID: 0}
  m_PrefabAsset: {fileID: 0}
  m_GameObject: {fileID: 8801299513865347888}
  m_LocalRotation: {x: 0, y: -0, z: -0, w: 1}
  m_LocalPosition: {x: -0, y: 0, z: 0}
  m_LocalScale: {x: 1, y: 1, z: 1}
  m_Children: []
  m_Father: {fileID: 2011033287759173461}
  m_RootOrder: 0
  m_LocalEulerAnglesHint: {x: 0, y: 0, z: 0}
--- !u!33 &7170972129350239747
MeshFilter:
  m_ObjectHideFlags: 0
  m_CorrespondingSourceObject: {fileID: 0}
  m_PrefabInstance: {fileID: 0}
  m_PrefabAsset: {fileID: 0}
  m_GameObject: {fileID: 8801299513865347888}
  m_Mesh: {fileID: 3731530731183247356, guid: 728296d13e0726445acc3e1336904171, type: 3}
--- !u!23 &7007885322569759913
MeshRenderer:
  m_ObjectHideFlags: 0
  m_CorrespondingSourceObject: {fileID: 0}
  m_PrefabInstance: {fileID: 0}
  m_PrefabAsset: {fileID: 0}
  m_GameObject: {fileID: 8801299513865347888}
  m_Enabled: 0
  m_CastShadows: 1
  m_ReceiveShadows: 1
  m_DynamicOccludee: 1
  m_MotionVectors: 1
  m_LightProbeUsage: 1
  m_ReflectionProbeUsage: 1
  m_RayTracingMode: 2
  m_RenderingLayerMask: 1
  m_RendererPriority: 0
  m_Materials:
  - {fileID: 2100000, guid: 115787dd60dd0d648ab86f8306153124, type: 2}
  m_StaticBatchInfo:
    firstSubMesh: 0
    subMeshCount: 0
  m_StaticBatchRoot: {fileID: 0}
  m_ProbeAnchor: {fileID: 0}
  m_LightProbeVolumeOverride: {fileID: 0}
  m_ScaleInLightmap: 1
  m_ReceiveGI: 1
  m_PreserveUVs: 0
  m_IgnoreNormalsForChartDetection: 0
  m_ImportantGI: 0
  m_StitchLightmapSeams: 1
  m_SelectedEditorRenderState: 3
  m_MinimumChartSize: 4
  m_AutoUVMaxDistance: 0.5
  m_AutoUVMaxAngle: 89
  m_LightmapParameters: {fileID: 0}
  m_SortingLayerID: 0
  m_SortingLayer: 0
  m_SortingOrder: 0
--- !u!1001 &168678659676742640
PrefabInstance:
  m_ObjectHideFlags: 0
  serializedVersion: 2
  m_Modification:
    m_TransformParent: {fileID: 8672351452716854105}
    m_Modifications:
    - target: {fileID: 1027373214859831176, guid: 9bce660f130459c43934a058bec02b90,
        type: 3}
      propertyPath: m_Materials.Array.data[0]
      value: 
      objectReference: {fileID: 2100000, guid: d54c28456a91a3848b9aa07db3977750, type: 2}
    - target: {fileID: 2636457656514269753, guid: 9bce660f130459c43934a058bec02b90,
        type: 3}
      propertyPath: m_Name
      value: LT404
      objectReference: {fileID: 0}
    - target: {fileID: 3448988660296583299, guid: 9bce660f130459c43934a058bec02b90,
        type: 3}
      propertyPath: m_LocalPosition.x
      value: -8.95
      objectReference: {fileID: 0}
    - target: {fileID: 3448988660296583299, guid: 9bce660f130459c43934a058bec02b90,
        type: 3}
      propertyPath: m_LocalPosition.y
      value: 0.03
      objectReference: {fileID: 0}
    - target: {fileID: 3448988660296583299, guid: 9bce660f130459c43934a058bec02b90,
        type: 3}
      propertyPath: m_LocalPosition.z
      value: 1.722
      objectReference: {fileID: 0}
    - target: {fileID: 3448988660296583299, guid: 9bce660f130459c43934a058bec02b90,
        type: 3}
      propertyPath: m_LocalRotation.x
      value: -0
      objectReference: {fileID: 0}
    - target: {fileID: 3448988660296583299, guid: 9bce660f130459c43934a058bec02b90,
        type: 3}
      propertyPath: m_LocalRotation.y
      value: 1
      objectReference: {fileID: 0}
    - target: {fileID: 3448988660296583299, guid: 9bce660f130459c43934a058bec02b90,
        type: 3}
      propertyPath: m_LocalRotation.z
      value: -0
      objectReference: {fileID: 0}
    - target: {fileID: 3448988660296583299, guid: 9bce660f130459c43934a058bec02b90,
        type: 3}
      propertyPath: m_LocalRotation.w
      value: 0
      objectReference: {fileID: 0}
    - target: {fileID: 3448988660296583299, guid: 9bce660f130459c43934a058bec02b90,
        type: 3}
      propertyPath: m_RootOrder
      value: 3
      objectReference: {fileID: 0}
    - target: {fileID: 3448988660296583299, guid: 9bce660f130459c43934a058bec02b90,
        type: 3}
      propertyPath: m_LocalEulerAnglesHint.x
      value: 0
      objectReference: {fileID: 0}
    - target: {fileID: 3448988660296583299, guid: 9bce660f130459c43934a058bec02b90,
        type: 3}
      propertyPath: m_LocalEulerAnglesHint.y
      value: 180
      objectReference: {fileID: 0}
    - target: {fileID: 3448988660296583299, guid: 9bce660f130459c43934a058bec02b90,
        type: 3}
      propertyPath: m_LocalEulerAnglesHint.z
      value: 0
      objectReference: {fileID: 0}
    m_RemovedComponents: []
  m_SourcePrefab: {fileID: 100100000, guid: 9bce660f130459c43934a058bec02b90, type: 3}
--- !u!4 &3281436040252664691 stripped
Transform:
  m_CorrespondingSourceObject: {fileID: 3448988660296583299, guid: 9bce660f130459c43934a058bec02b90,
    type: 3}
  m_PrefabInstance: {fileID: 168678659676742640}
  m_PrefabAsset: {fileID: 0}
--- !u!1001 &5768438385451788297
PrefabInstance:
  m_ObjectHideFlags: 0
  serializedVersion: 2
  m_Modification:
    m_TransformParent: {fileID: 8672351452716854105}
    m_Modifications:
    - target: {fileID: 1027373214859831176, guid: 9bce660f130459c43934a058bec02b90,
        type: 3}
      propertyPath: m_Materials.Array.data[0]
      value: 
      objectReference: {fileID: 2100000, guid: aae1fa9333191b444ba890b3ec166fe3, type: 2}
    - target: {fileID: 2636457656514269753, guid: 9bce660f130459c43934a058bec02b90,
        type: 3}
      propertyPath: m_Name
      value: LT401
      objectReference: {fileID: 0}
    - target: {fileID: 3448988660296583299, guid: 9bce660f130459c43934a058bec02b90,
        type: 3}
      propertyPath: m_LocalPosition.x
      value: 0.05
      objectReference: {fileID: 0}
    - target: {fileID: 3448988660296583299, guid: 9bce660f130459c43934a058bec02b90,
        type: 3}
      propertyPath: m_LocalPosition.y
      value: 0.03
      objectReference: {fileID: 0}
    - target: {fileID: 3448988660296583299, guid: 9bce660f130459c43934a058bec02b90,
        type: 3}
      propertyPath: m_LocalPosition.z
      value: 1.722
      objectReference: {fileID: 0}
    - target: {fileID: 3448988660296583299, guid: 9bce660f130459c43934a058bec02b90,
        type: 3}
      propertyPath: m_LocalRotation.x
      value: -0
      objectReference: {fileID: 0}
    - target: {fileID: 3448988660296583299, guid: 9bce660f130459c43934a058bec02b90,
        type: 3}
      propertyPath: m_LocalRotation.y
      value: 1
      objectReference: {fileID: 0}
    - target: {fileID: 3448988660296583299, guid: 9bce660f130459c43934a058bec02b90,
        type: 3}
      propertyPath: m_LocalRotation.z
      value: -0
      objectReference: {fileID: 0}
    - target: {fileID: 3448988660296583299, guid: 9bce660f130459c43934a058bec02b90,
        type: 3}
      propertyPath: m_LocalRotation.w
      value: 0
      objectReference: {fileID: 0}
    - target: {fileID: 3448988660296583299, guid: 9bce660f130459c43934a058bec02b90,
        type: 3}
      propertyPath: m_RootOrder
      value: 0
      objectReference: {fileID: 0}
    - target: {fileID: 3448988660296583299, guid: 9bce660f130459c43934a058bec02b90,
        type: 3}
      propertyPath: m_LocalEulerAnglesHint.x
      value: 0
      objectReference: {fileID: 0}
    - target: {fileID: 3448988660296583299, guid: 9bce660f130459c43934a058bec02b90,
        type: 3}
      propertyPath: m_LocalEulerAnglesHint.y
      value: 180
      objectReference: {fileID: 0}
    - target: {fileID: 3448988660296583299, guid: 9bce660f130459c43934a058bec02b90,
        type: 3}
      propertyPath: m_LocalEulerAnglesHint.z
      value: 0
      objectReference: {fileID: 0}
    m_RemovedComponents: []
  m_SourcePrefab: {fileID: 100100000, guid: 9bce660f130459c43934a058bec02b90, type: 3}
--- !u!4 &9210099624004608138 stripped
Transform:
  m_CorrespondingSourceObject: {fileID: 3448988660296583299, guid: 9bce660f130459c43934a058bec02b90,
    type: 3}
  m_PrefabInstance: {fileID: 5768438385451788297}
  m_PrefabAsset: {fileID: 0}
--- !u!1001 &6506333302931585046
PrefabInstance:
  m_ObjectHideFlags: 0
  serializedVersion: 2
  m_Modification:
    m_TransformParent: {fileID: 8672351452716854105}
    m_Modifications:
    - target: {fileID: 1027373214859831176, guid: 9bce660f130459c43934a058bec02b90,
        type: 3}
      propertyPath: m_Materials.Array.data[0]
      value: 
      objectReference: {fileID: 2100000, guid: 331888a0864b9804b99612f130653141, type: 2}
    - target: {fileID: 2636457656514269753, guid: 9bce660f130459c43934a058bec02b90,
        type: 3}
      propertyPath: m_Name
      value: LT403
      objectReference: {fileID: 0}
    - target: {fileID: 3448988660296583299, guid: 9bce660f130459c43934a058bec02b90,
        type: 3}
      propertyPath: m_LocalPosition.x
      value: -5.95
      objectReference: {fileID: 0}
    - target: {fileID: 3448988660296583299, guid: 9bce660f130459c43934a058bec02b90,
        type: 3}
      propertyPath: m_LocalPosition.y
      value: 0.03
      objectReference: {fileID: 0}
    - target: {fileID: 3448988660296583299, guid: 9bce660f130459c43934a058bec02b90,
        type: 3}
      propertyPath: m_LocalPosition.z
      value: 1.722
      objectReference: {fileID: 0}
    - target: {fileID: 3448988660296583299, guid: 9bce660f130459c43934a058bec02b90,
        type: 3}
      propertyPath: m_LocalRotation.x
      value: -0
      objectReference: {fileID: 0}
    - target: {fileID: 3448988660296583299, guid: 9bce660f130459c43934a058bec02b90,
        type: 3}
      propertyPath: m_LocalRotation.y
      value: 1
      objectReference: {fileID: 0}
    - target: {fileID: 3448988660296583299, guid: 9bce660f130459c43934a058bec02b90,
        type: 3}
      propertyPath: m_LocalRotation.z
      value: -0
      objectReference: {fileID: 0}
    - target: {fileID: 3448988660296583299, guid: 9bce660f130459c43934a058bec02b90,
        type: 3}
      propertyPath: m_LocalRotation.w
      value: 0
      objectReference: {fileID: 0}
    - target: {fileID: 3448988660296583299, guid: 9bce660f130459c43934a058bec02b90,
        type: 3}
      propertyPath: m_RootOrder
      value: 2
      objectReference: {fileID: 0}
    - target: {fileID: 3448988660296583299, guid: 9bce660f130459c43934a058bec02b90,
        type: 3}
      propertyPath: m_LocalEulerAnglesHint.x
      value: 0
      objectReference: {fileID: 0}
    - target: {fileID: 3448988660296583299, guid: 9bce660f130459c43934a058bec02b90,
        type: 3}
      propertyPath: m_LocalEulerAnglesHint.y
      value: 180
      objectReference: {fileID: 0}
    - target: {fileID: 3448988660296583299, guid: 9bce660f130459c43934a058bec02b90,
        type: 3}
      propertyPath: m_LocalEulerAnglesHint.z
      value: 0
      objectReference: {fileID: 0}
    m_RemovedComponents: []
  m_SourcePrefab: {fileID: 100100000, guid: 9bce660f130459c43934a058bec02b90, type: 3}
--- !u!4 &8473073286485635221 stripped
Transform:
  m_CorrespondingSourceObject: {fileID: 3448988660296583299, guid: 9bce660f130459c43934a058bec02b90,
    type: 3}
  m_PrefabInstance: {fileID: 6506333302931585046}
  m_PrefabAsset: {fileID: 0}
--- !u!1001 &7627557320580531487
PrefabInstance:
  m_ObjectHideFlags: 0
  serializedVersion: 2
  m_Modification:
    m_TransformParent: {fileID: 8672351452716854105}
    m_Modifications:
    - target: {fileID: 1027373214859831176, guid: 9bce660f130459c43934a058bec02b90,
        type: 3}
      propertyPath: m_Materials.Array.data[0]
      value: 
      objectReference: {fileID: 2100000, guid: d00c1c33eaaa5bd4ca21038167599982, type: 2}
    - target: {fileID: 2636457656514269753, guid: 9bce660f130459c43934a058bec02b90,
        type: 3}
      propertyPath: m_Name
      value: LT402
      objectReference: {fileID: 0}
    - target: {fileID: 3448988660296583299, guid: 9bce660f130459c43934a058bec02b90,
        type: 3}
      propertyPath: m_LocalPosition.x
      value: -2.95
      objectReference: {fileID: 0}
    - target: {fileID: 3448988660296583299, guid: 9bce660f130459c43934a058bec02b90,
        type: 3}
      propertyPath: m_LocalPosition.y
      value: 0.03
      objectReference: {fileID: 0}
    - target: {fileID: 3448988660296583299, guid: 9bce660f130459c43934a058bec02b90,
        type: 3}
      propertyPath: m_LocalPosition.z
      value: 1.722
      objectReference: {fileID: 0}
    - target: {fileID: 3448988660296583299, guid: 9bce660f130459c43934a058bec02b90,
        type: 3}
      propertyPath: m_LocalRotation.x
      value: -0
      objectReference: {fileID: 0}
    - target: {fileID: 3448988660296583299, guid: 9bce660f130459c43934a058bec02b90,
        type: 3}
      propertyPath: m_LocalRotation.y
      value: 1
      objectReference: {fileID: 0}
    - target: {fileID: 3448988660296583299, guid: 9bce660f130459c43934a058bec02b90,
        type: 3}
      propertyPath: m_LocalRotation.z
      value: -0
      objectReference: {fileID: 0}
    - target: {fileID: 3448988660296583299, guid: 9bce660f130459c43934a058bec02b90,
        type: 3}
      propertyPath: m_LocalRotation.w
      value: 0
      objectReference: {fileID: 0}
    - target: {fileID: 3448988660296583299, guid: 9bce660f130459c43934a058bec02b90,
        type: 3}
      propertyPath: m_RootOrder
      value: 1
      objectReference: {fileID: 0}
    - target: {fileID: 3448988660296583299, guid: 9bce660f130459c43934a058bec02b90,
        type: 3}
      propertyPath: m_LocalEulerAnglesHint.x
      value: 0
      objectReference: {fileID: 0}
    - target: {fileID: 3448988660296583299, guid: 9bce660f130459c43934a058bec02b90,
        type: 3}
      propertyPath: m_LocalEulerAnglesHint.y
      value: 180
      objectReference: {fileID: 0}
    - target: {fileID: 3448988660296583299, guid: 9bce660f130459c43934a058bec02b90,
        type: 3}
      propertyPath: m_LocalEulerAnglesHint.z
      value: 0
      objectReference: {fileID: 0}
    m_RemovedComponents: []
  m_SourcePrefab: {fileID: 100100000, guid: 9bce660f130459c43934a058bec02b90, type: 3}
--- !u!4 &5046215289226005916 stripped
Transform:
  m_CorrespondingSourceObject: {fileID: 3448988660296583299, guid: 9bce660f130459c43934a058bec02b90,
    type: 3}
  m_PrefabInstance: {fileID: 7627557320580531487}
  m_PrefabAsset: {fileID: 0}
