%YAML 1.1
%TAG !u! tag:unity3d.com,2011:
--- !u!1 &1924708029614726529
GameObject:
  m_ObjectHideFlags: 0
  m_CorrespondingSourceObject: {fileID: 0}
  m_PrefabInstance: {fileID: 0}
  m_PrefabAsset: {fileID: 0}
  serializedVersion: 6
  m_Component:
  - component: {fileID: 4469396726779691375}
  - component: {fileID: 1585681820122551650}
  - component: {fileID: 4818204524121450097}
  - component: {fileID: 442888645161707843}
  m_Layer: 0
  m_Name: FP_Select_Manual_Isolator_TIS_987
  m_TagString: Untagged
  m_Icon: {fileID: 0}
  m_NavMeshLayer: 0
  m_StaticEditorFlags: 0
  m_IsActive: 1
--- !u!4 &4469396726779691375
Transform:
  m_ObjectHideFlags: 0
  m_CorrespondingSourceObject: {fileID: 0}
  m_PrefabInstance: {fileID: 0}
  m_PrefabAsset: {fileID: 0}
  m_GameObject: {fileID: 1924708029614726529}
  m_LocalRotation: {x: -0, y: -0, z: -0, w: 1}
  m_LocalPosition: {x: 0, y: 1.3699999, z: 0.0149998665}
  m_LocalScale: {x: 0.45, y: 0.8, z: 0.2}
  m_Children: []
  m_Father: {fileID: 7378030405594642395}
  m_RootOrder: 2
  m_LocalEulerAnglesHint: {x: 0, y: 0, z: 0}
--- !u!33 &1585681820122551650
MeshFilter:
  m_ObjectHideFlags: 0
  m_CorrespondingSourceObject: {fileID: 0}
  m_PrefabInstance: {fileID: 0}
  m_PrefabAsset: {fileID: 0}
  m_GameObject: {fileID: 1924708029614726529}
  m_Mesh: {fileID: 10202, guid: 0000000000000000e000000000000000, type: 0}
--- !u!23 &4818204524121450097
MeshRenderer:
  m_ObjectHideFlags: 0
  m_CorrespondingSourceObject: {fileID: 0}
  m_PrefabInstance: {fileID: 0}
  m_PrefabAsset: {fileID: 0}
  m_GameObject: {fileID: 1924708029614726529}
  m_Enabled: 1
  m_CastShadows: 1
  m_ReceiveShadows: 1
  m_DynamicOccludee: 1
  m_MotionVectors: 1
  m_LightProbeUsage: 1
  m_ReflectionProbeUsage: 1
  m_RenderingLayerMask: 1
  m_RendererPriority: 0
  m_Materials:
  - {fileID: 2100000, guid: 0347e5c4df7da18499630d3b67bb6b7e, type: 2}
  m_StaticBatchInfo:
    firstSubMesh: 0
    subMeshCount: 0
  m_StaticBatchRoot: {fileID: 0}
  m_ProbeAnchor: {fileID: 0}
  m_LightProbeVolumeOverride: {fileID: 0}
  m_ScaleInLightmap: 1
  m_PreserveUVs: 0
  m_IgnoreNormalsForChartDetection: 0
  m_ImportantGI: 0
  m_StitchLightmapSeams: 0
  m_SelectedEditorRenderState: 3
  m_MinimumChartSize: 4
  m_AutoUVMaxDistance: 0.5
  m_AutoUVMaxAngle: 89
  m_LightmapParameters: {fileID: 0}
  m_SortingLayerID: 0
  m_SortingLayer: 0
  m_SortingOrder: 0
--- !u!95 &442888645161707843
Animator:
  serializedVersion: 3
  m_ObjectHideFlags: 0
  m_CorrespondingSourceObject: {fileID: 0}
  m_PrefabInstance: {fileID: 0}
  m_PrefabAsset: {fileID: 0}
  m_GameObject: {fileID: 1924708029614726529}
  m_Enabled: 1
  m_Avatar: {fileID: 0}
  m_Controller: {fileID: 9100000, guid: 63bb4b1436cdda64d8c7a8ce4b443fa2, type: 2}
  m_CullingMode: 0
  m_UpdateMode: 0
  m_ApplyRootMotion: 0
  m_LinearVelocityBlending: 0
  m_WarningMessage: 
  m_HasTransformHierarchy: 1
  m_AllowConstantClipSamplingOptimization: 1
  m_KeepAnimatorControllerStateOnDisable: 0
--- !u!1 &5431306087424916506
GameObject:
  m_ObjectHideFlags: 0
  m_CorrespondingSourceObject: {fileID: 0}
  m_PrefabInstance: {fileID: 0}
  m_PrefabAsset: {fileID: 0}
  serializedVersion: 6
  m_Component:
  - component: {fileID: 5431306087424916502}
  - component: {fileID: 5431306087424916501}
  - component: {fileID: 5431306087424916500}
  - component: {fileID: 5431306087424916507}
  m_Layer: 0
  m_Name: FP_Select_Manual_Isolator_TIS_986
  m_TagString: Untagged
  m_Icon: {fileID: 0}
  m_NavMeshLayer: 0
  m_StaticEditorFlags: 0
  m_IsActive: 1
--- !u!4 &5431306087424916502
Transform:
  m_ObjectHideFlags: 0
  m_CorrespondingSourceObject: {fileID: 0}
  m_PrefabInstance: {fileID: 0}
  m_PrefabAsset: {fileID: 0}
  m_GameObject: {fileID: 5431306087424916506}
  m_LocalRotation: {x: -0, y: -0, z: -0, w: 1}
  m_LocalPosition: {x: 0.016, y: 1.3699999, z: 0.0149998665}
  m_LocalScale: {x: 0.45, y: 0.8, z: 0.2}
  m_Children: []
  m_Father: {fileID: 5431306088282949294}
  m_RootOrder: 2
  m_LocalEulerAnglesHint: {x: 0, y: 0, z: 0}
--- !u!33 &5431306087424916501
MeshFilter:
  m_ObjectHideFlags: 0
  m_CorrespondingSourceObject: {fileID: 0}
  m_PrefabInstance: {fileID: 0}
  m_PrefabAsset: {fileID: 0}
  m_GameObject: {fileID: 5431306087424916506}
  m_Mesh: {fileID: 10202, guid: 0000000000000000e000000000000000, type: 0}
--- !u!23 &5431306087424916500
MeshRenderer:
  m_ObjectHideFlags: 0
  m_CorrespondingSourceObject: {fileID: 0}
  m_PrefabInstance: {fileID: 0}
  m_PrefabAsset: {fileID: 0}
  m_GameObject: {fileID: 5431306087424916506}
  m_Enabled: 1
  m_CastShadows: 1
  m_ReceiveShadows: 1
  m_DynamicOccludee: 1
  m_MotionVectors: 1
  m_LightProbeUsage: 1
  m_ReflectionProbeUsage: 1
  m_RenderingLayerMask: 1
  m_RendererPriority: 0
  m_Materials:
  - {fileID: 2100000, guid: 0347e5c4df7da18499630d3b67bb6b7e, type: 2}
  m_StaticBatchInfo:
    firstSubMesh: 0
    subMeshCount: 0
  m_StaticBatchRoot: {fileID: 0}
  m_ProbeAnchor: {fileID: 0}
  m_LightProbeVolumeOverride: {fileID: 0}
  m_ScaleInLightmap: 1
  m_PreserveUVs: 0
  m_IgnoreNormalsForChartDetection: 0
  m_ImportantGI: 0
  m_StitchLightmapSeams: 0
  m_SelectedEditorRenderState: 3
  m_MinimumChartSize: 4
  m_AutoUVMaxDistance: 0.5
  m_AutoUVMaxAngle: 89
  m_LightmapParameters: {fileID: 0}
  m_SortingLayerID: 0
  m_SortingLayer: 0
  m_SortingOrder: 0
--- !u!95 &5431306087424916507
Animator:
  serializedVersion: 3
  m_ObjectHideFlags: 0
  m_CorrespondingSourceObject: {fileID: 0}
  m_PrefabInstance: {fileID: 0}
  m_PrefabAsset: {fileID: 0}
  m_GameObject: {fileID: 5431306087424916506}
  m_Enabled: 1
  m_Avatar: {fileID: 0}
  m_Controller: {fileID: 9100000, guid: 63bb4b1436cdda64d8c7a8ce4b443fa2, type: 2}
  m_CullingMode: 0
  m_UpdateMode: 0
  m_ApplyRootMotion: 0
  m_LinearVelocityBlending: 0
  m_WarningMessage: 
  m_HasTransformHierarchy: 1
  m_AllowConstantClipSamplingOptimization: 1
  m_KeepAnimatorControllerStateOnDisable: 0
--- !u!1 &5431306088498996464
GameObject:
  m_ObjectHideFlags: 0
  m_CorrespondingSourceObject: {fileID: 0}
  m_PrefabInstance: {fileID: 0}
  m_PrefabAsset: {fileID: 0}
  serializedVersion: 6
  m_Component:
  - component: {fileID: 5431306088498996465}
  m_Layer: 0
  m_Name: FP_Manual_VFX
  m_TagString: Untagged
  m_Icon: {fileID: 0}
  m_NavMeshLayer: 0
  m_StaticEditorFlags: 0
  m_IsActive: 1
--- !u!4 &5431306088498996465
Transform:
  m_ObjectHideFlags: 0
  m_CorrespondingSourceObject: {fileID: 0}
  m_PrefabInstance: {fileID: 0}
  m_PrefabAsset: {fileID: 0}
  m_GameObject: {fileID: 5431306088498996464}
  m_LocalRotation: {x: 0, y: 0, z: 0, w: 1}
  m_LocalPosition: {x: 0, y: 0, z: 0}
  m_LocalScale: {x: 1, y: 1, z: 1}
  m_Children:
  - {fileID: 7378030406290739767}
  - {fileID: 5431306088282949294}
  - {fileID: 7378030405594642395}
  m_Father: {fileID: 0}
  m_RootOrder: 0
  m_LocalEulerAnglesHint: {x: 0, y: 0, z: 0}
--- !u!1 &8220953391370348988
GameObject:
  m_ObjectHideFlags: 0
  m_CorrespondingSourceObject: {fileID: 0}
  m_PrefabInstance: {fileID: 0}
  m_PrefabAsset: {fileID: 0}
  serializedVersion: 6
  m_Component:
  - component: {fileID: 3005472566998610512}
  - component: {fileID: 432197408994120074}
  - component: {fileID: 7992700773979445310}
  - component: {fileID: 4882891170706290261}
  m_Layer: 0
  m_Name: FP_Select_Manual_Isolator_TIS_985
  m_TagString: Untagged
  m_Icon: {fileID: 0}
  m_NavMeshLayer: 0
  m_StaticEditorFlags: 0
  m_IsActive: 1
--- !u!4 &3005472566998610512
Transform:
  m_ObjectHideFlags: 0
  m_CorrespondingSourceObject: {fileID: 0}
  m_PrefabInstance: {fileID: 0}
  m_PrefabAsset: {fileID: 0}
  m_GameObject: {fileID: 8220953391370348988}
  m_LocalRotation: {x: -0, y: -0, z: -0, w: 1}
  m_LocalPosition: {x: 0, y: 1.3699999, z: 0.0149998665}
  m_LocalScale: {x: 0.45, y: 0.8, z: 0.2}
  m_Children: []
  m_Father: {fileID: 7378030406290739767}
  m_RootOrder: 2
  m_LocalEulerAnglesHint: {x: 0, y: 0, z: 0}
--- !u!33 &432197408994120074
MeshFilter:
  m_ObjectHideFlags: 0
  m_CorrespondingSourceObject: {fileID: 0}
  m_PrefabInstance: {fileID: 0}
  m_PrefabAsset: {fileID: 0}
  m_GameObject: {fileID: 8220953391370348988}
  m_Mesh: {fileID: 10202, guid: 0000000000000000e000000000000000, type: 0}
--- !u!23 &7992700773979445310
MeshRenderer:
  m_ObjectHideFlags: 0
  m_CorrespondingSourceObject: {fileID: 0}
  m_PrefabInstance: {fileID: 0}
  m_PrefabAsset: {fileID: 0}
  m_GameObject: {fileID: 8220953391370348988}
  m_Enabled: 1
  m_CastShadows: 1
  m_ReceiveShadows: 1
  m_DynamicOccludee: 1
  m_MotionVectors: 1
  m_LightProbeUsage: 1
  m_ReflectionProbeUsage: 1
  m_RenderingLayerMask: 1
  m_RendererPriority: 0
  m_Materials:
  - {fileID: 2100000, guid: 0347e5c4df7da18499630d3b67bb6b7e, type: 2}
  m_StaticBatchInfo:
    firstSubMesh: 0
    subMeshCount: 0
  m_StaticBatchRoot: {fileID: 0}
  m_ProbeAnchor: {fileID: 0}
  m_LightProbeVolumeOverride: {fileID: 0}
  m_ScaleInLightmap: 1
  m_PreserveUVs: 0
  m_IgnoreNormalsForChartDetection: 0
  m_ImportantGI: 0
  m_StitchLightmapSeams: 0
  m_SelectedEditorRenderState: 3
  m_MinimumChartSize: 4
  m_AutoUVMaxDistance: 0.5
  m_AutoUVMaxAngle: 89
  m_LightmapParameters: {fileID: 0}
  m_SortingLayerID: 0
  m_SortingLayer: 0
  m_SortingOrder: 0
--- !u!95 &4882891170706290261
Animator:
  serializedVersion: 3
  m_ObjectHideFlags: 0
  m_CorrespondingSourceObject: {fileID: 0}
  m_PrefabInstance: {fileID: 0}
  m_PrefabAsset: {fileID: 0}
  m_GameObject: {fileID: 8220953391370348988}
  m_Enabled: 1
  m_Avatar: {fileID: 0}
  m_Controller: {fileID: 9100000, guid: 63bb4b1436cdda64d8c7a8ce4b443fa2, type: 2}
  m_CullingMode: 0
  m_UpdateMode: 0
  m_ApplyRootMotion: 0
  m_LinearVelocityBlending: 0
  m_WarningMessage: 
  m_HasTransformHierarchy: 1
  m_AllowConstantClipSamplingOptimization: 1
  m_KeepAnimatorControllerStateOnDisable: 0
--- !u!1001 &5431306086695108927
PrefabInstance:
  m_ObjectHideFlags: 0
  serializedVersion: 2
  m_Modification:
    m_TransformParent: {fileID: 5431306088498996465}
    m_Modifications:
    - target: {fileID: 3259453344629484228, guid: f980eecb63e6cd2419d100808addc384,
        type: 3}
      propertyPath: m_Name
      value: FP_Manual_TIS_987
      objectReference: {fileID: 0}
    - target: {fileID: 3259453344629847780, guid: f980eecb63e6cd2419d100808addc384,
        type: 3}
      propertyPath: m_LocalPosition.x
      value: -1.2
      objectReference: {fileID: 0}
    - target: {fileID: 3259453344629847780, guid: f980eecb63e6cd2419d100808addc384,
        type: 3}
      propertyPath: m_LocalPosition.y
      value: -1.111
      objectReference: {fileID: 0}
    - target: {fileID: 3259453344629847780, guid: f980eecb63e6cd2419d100808addc384,
        type: 3}
      propertyPath: m_LocalPosition.z
      value: -2.82
      objectReference: {fileID: 0}
    - target: {fileID: 3259453344629847780, guid: f980eecb63e6cd2419d100808addc384,
        type: 3}
      propertyPath: m_LocalRotation.x
      value: -0
      objectReference: {fileID: 0}
    - target: {fileID: 3259453344629847780, guid: f980eecb63e6cd2419d100808addc384,
        type: 3}
      propertyPath: m_LocalRotation.y
      value: -0
      objectReference: {fileID: 0}
    - target: {fileID: 3259453344629847780, guid: f980eecb63e6cd2419d100808addc384,
        type: 3}
      propertyPath: m_LocalRotation.z
      value: -0
      objectReference: {fileID: 0}
    - target: {fileID: 3259453344629847780, guid: f980eecb63e6cd2419d100808addc384,
        type: 3}
      propertyPath: m_LocalRotation.w
      value: 1
      objectReference: {fileID: 0}
    - target: {fileID: 3259453344629847780, guid: f980eecb63e6cd2419d100808addc384,
        type: 3}
      propertyPath: m_RootOrder
      value: 2
      objectReference: {fileID: 0}
    - target: {fileID: 3259453344629847780, guid: f980eecb63e6cd2419d100808addc384,
        type: 3}
      propertyPath: m_LocalEulerAnglesHint.x
      value: 0
      objectReference: {fileID: 0}
    - target: {fileID: 3259453344629847780, guid: f980eecb63e6cd2419d100808addc384,
        type: 3}
      propertyPath: m_LocalEulerAnglesHint.y
      value: 0
      objectReference: {fileID: 0}
    - target: {fileID: 3259453344629847780, guid: f980eecb63e6cd2419d100808addc384,
        type: 3}
      propertyPath: m_LocalEulerAnglesHint.z
      value: 0
      objectReference: {fileID: 0}
    - target: {fileID: 3259453344629484224, guid: f980eecb63e6cd2419d100808addc384,
        type: 3}
      propertyPath: m_Name
      value: FP_Manual_Cable_TIS_987
      objectReference: {fileID: 0}
    - target: {fileID: 3259453344631747584, guid: f980eecb63e6cd2419d100808addc384,
        type: 3}
      propertyPath: m_Materials.Array.data[0]
      value: 
      objectReference: {fileID: 2100000, guid: 0347e5c4df7da18499630d3b67bb6b7e, type: 2}
    - target: {fileID: 1421094384, guid: f980eecb63e6cd2419d100808addc384, type: 3}
      propertyPath: m_Controller
      value: 
      objectReference: {fileID: 9100000, guid: 63bb4b1436cdda64d8c7a8ce4b443fa2, type: 2}
    - target: {fileID: 3259453344629484226, guid: f980eecb63e6cd2419d100808addc384,
        type: 3}
      propertyPath: m_Name
      value: FP_Manual_Isolator_TIS_987
      objectReference: {fileID: 0}
    - target: {fileID: 3259453344631747586, guid: f980eecb63e6cd2419d100808addc384,
        type: 3}
      propertyPath: m_Materials.Array.data[0]
      value: 
      objectReference: {fileID: 2100000, guid: 0347e5c4df7da18499630d3b67bb6b7e, type: 2}
    - target: {fileID: 451273161, guid: f980eecb63e6cd2419d100808addc384, type: 3}
      propertyPath: m_Controller
      value: 
      objectReference: {fileID: 9100000, guid: 63bb4b1436cdda64d8c7a8ce4b443fa2, type: 2}
    m_RemovedComponents: []
  m_SourcePrefab: {fileID: 100100000, guid: f980eecb63e6cd2419d100808addc384, type: 3}
--- !u!4 &7378030405594642395 stripped
Transform:
  m_CorrespondingSourceObject: {fileID: 3259453344629847780, guid: f980eecb63e6cd2419d100808addc384,
    type: 3}
  m_PrefabInstance: {fileID: 5431306086695108927}
  m_PrefabAsset: {fileID: 0}
--- !u!1001 &5431306087911613651
PrefabInstance:
  m_ObjectHideFlags: 0
  serializedVersion: 2
  m_Modification:
    m_TransformParent: {fileID: 5431306088498996465}
    m_Modifications:
    - target: {fileID: 3259453344629484228, guid: f980eecb63e6cd2419d100808addc384,
        type: 3}
      propertyPath: m_Name
      value: FP_Manual_TIS_985
      objectReference: {fileID: 0}
    - target: {fileID: 3259453344629484228, guid: f980eecb63e6cd2419d100808addc384,
        type: 3}
      propertyPath: m_IsActive
      value: 1
      objectReference: {fileID: 0}
    - target: {fileID: 3259453344629847780, guid: f980eecb63e6cd2419d100808addc384,
        type: 3}
      propertyPath: m_LocalPosition.x
      value: 1.2
      objectReference: {fileID: 0}
    - target: {fileID: 3259453344629847780, guid: f980eecb63e6cd2419d100808addc384,
        type: 3}
      propertyPath: m_LocalPosition.y
      value: -1.111
      objectReference: {fileID: 0}
    - target: {fileID: 3259453344629847780, guid: f980eecb63e6cd2419d100808addc384,
        type: 3}
      propertyPath: m_LocalPosition.z
      value: -2.82
      objectReference: {fileID: 0}
    - target: {fileID: 3259453344629847780, guid: f980eecb63e6cd2419d100808addc384,
        type: 3}
      propertyPath: m_LocalRotation.x
      value: -0
      objectReference: {fileID: 0}
    - target: {fileID: 3259453344629847780, guid: f980eecb63e6cd2419d100808addc384,
        type: 3}
      propertyPath: m_LocalRotation.y
      value: -0
      objectReference: {fileID: 0}
    - target: {fileID: 3259453344629847780, guid: f980eecb63e6cd2419d100808addc384,
        type: 3}
      propertyPath: m_LocalRotation.z
      value: -0
      objectReference: {fileID: 0}
    - target: {fileID: 3259453344629847780, guid: f980eecb63e6cd2419d100808addc384,
        type: 3}
      propertyPath: m_LocalRotation.w
      value: 1
      objectReference: {fileID: 0}
    - target: {fileID: 3259453344629847780, guid: f980eecb63e6cd2419d100808addc384,
        type: 3}
      propertyPath: m_RootOrder
      value: 0
      objectReference: {fileID: 0}
    - target: {fileID: 3259453344629847780, guid: f980eecb63e6cd2419d100808addc384,
        type: 3}
      propertyPath: m_LocalEulerAnglesHint.x
      value: 0
      objectReference: {fileID: 0}
    - target: {fileID: 3259453344629847780, guid: f980eecb63e6cd2419d100808addc384,
        type: 3}
      propertyPath: m_LocalEulerAnglesHint.y
      value: 0
      objectReference: {fileID: 0}
    - target: {fileID: 3259453344629847780, guid: f980eecb63e6cd2419d100808addc384,
        type: 3}
      propertyPath: m_LocalEulerAnglesHint.z
      value: 0
      objectReference: {fileID: 0}
    - target: {fileID: 3259453344629484224, guid: f980eecb63e6cd2419d100808addc384,
        type: 3}
      propertyPath: m_Name
      value: FP_Manual_Cable_TIS_985
      objectReference: {fileID: 0}
    - target: {fileID: 3259453344631747584, guid: f980eecb63e6cd2419d100808addc384,
        type: 3}
      propertyPath: m_Materials.Array.data[0]
      value: 
      objectReference: {fileID: 2100000, guid: 0347e5c4df7da18499630d3b67bb6b7e, type: 2}
    - target: {fileID: 1421094384, guid: f980eecb63e6cd2419d100808addc384, type: 3}
      propertyPath: m_Controller
      value: 
      objectReference: {fileID: 9100000, guid: 63bb4b1436cdda64d8c7a8ce4b443fa2, type: 2}
    - target: {fileID: 3259453344629484226, guid: f980eecb63e6cd2419d100808addc384,
        type: 3}
      propertyPath: m_Name
      value: FP_Manual_Isolator_TIS_985
      objectReference: {fileID: 0}
    - target: {fileID: 3259453344631747586, guid: f980eecb63e6cd2419d100808addc384,
        type: 3}
      propertyPath: m_Materials.Array.data[0]
      value: 
      objectReference: {fileID: 2100000, guid: 0347e5c4df7da18499630d3b67bb6b7e, type: 2}
    - target: {fileID: 451273161, guid: f980eecb63e6cd2419d100808addc384, type: 3}
      propertyPath: m_Controller
      value: 
      objectReference: {fileID: 9100000, guid: 63bb4b1436cdda64d8c7a8ce4b443fa2, type: 2}
    m_RemovedComponents: []
  m_SourcePrefab: {fileID: 100100000, guid: f980eecb63e6cd2419d100808addc384, type: 3}
--- !u!4 &7378030406290739767 stripped
Transform:
  m_CorrespondingSourceObject: {fileID: 3259453344629847780, guid: f980eecb63e6cd2419d100808addc384,
    type: 3}
  m_PrefabInstance: {fileID: 5431306087911613651}
  m_PrefabAsset: {fileID: 0}
--- !u!1001 &7378030406108147786
PrefabInstance:
  m_ObjectHideFlags: 0
  serializedVersion: 2
  m_Modification:
    m_TransformParent: {fileID: 5431306088498996465}
    m_Modifications:
    - target: {fileID: 3259453344629484228, guid: f980eecb63e6cd2419d100808addc384,
        type: 3}
      propertyPath: m_Name
      value: FP_Manual_TIS_986
      objectReference: {fileID: 0}
    - target: {fileID: 3259453344629847780, guid: f980eecb63e6cd2419d100808addc384,
        type: 3}
      propertyPath: m_LocalPosition.x
      value: -0.016
      objectReference: {fileID: 0}
    - target: {fileID: 3259453344629847780, guid: f980eecb63e6cd2419d100808addc384,
        type: 3}
      propertyPath: m_LocalPosition.y
      value: -1.111
      objectReference: {fileID: 0}
    - target: {fileID: 3259453344629847780, guid: f980eecb63e6cd2419d100808addc384,
        type: 3}
      propertyPath: m_LocalPosition.z
      value: -2.82
      objectReference: {fileID: 0}
    - target: {fileID: 3259453344629847780, guid: f980eecb63e6cd2419d100808addc384,
        type: 3}
      propertyPath: m_LocalRotation.x
      value: -0
      objectReference: {fileID: 0}
    - target: {fileID: 3259453344629847780, guid: f980eecb63e6cd2419d100808addc384,
        type: 3}
      propertyPath: m_LocalRotation.y
      value: -0
      objectReference: {fileID: 0}
    - target: {fileID: 3259453344629847780, guid: f980eecb63e6cd2419d100808addc384,
        type: 3}
      propertyPath: m_LocalRotation.z
      value: -0
      objectReference: {fileID: 0}
    - target: {fileID: 3259453344629847780, guid: f980eecb63e6cd2419d100808addc384,
        type: 3}
      propertyPath: m_LocalRotation.w
      value: 1
      objectReference: {fileID: 0}
    - target: {fileID: 3259453344629847780, guid: f980eecb63e6cd2419d100808addc384,
        type: 3}
      propertyPath: m_RootOrder
      value: 1
      objectReference: {fileID: 0}
    - target: {fileID: 3259453344629847780, guid: f980eecb63e6cd2419d100808addc384,
        type: 3}
      propertyPath: m_LocalEulerAnglesHint.x
      value: 0
      objectReference: {fileID: 0}
    - target: {fileID: 3259453344629847780, guid: f980eecb63e6cd2419d100808addc384,
        type: 3}
      propertyPath: m_LocalEulerAnglesHint.y
      value: 0
      objectReference: {fileID: 0}
    - target: {fileID: 3259453344629847780, guid: f980eecb63e6cd2419d100808addc384,
        type: 3}
      propertyPath: m_LocalEulerAnglesHint.z
      value: 0
      objectReference: {fileID: 0}
    - target: {fileID: 3259453344629484224, guid: f980eecb63e6cd2419d100808addc384,
        type: 3}
      propertyPath: m_Name
      value: FP_Manual_Cable_TIS_986
      objectReference: {fileID: 0}
    - target: {fileID: 3259453344631747584, guid: f980eecb63e6cd2419d100808addc384,
        type: 3}
      propertyPath: m_Materials.Array.data[0]
      value: 
      objectReference: {fileID: 2100000, guid: 0347e5c4df7da18499630d3b67bb6b7e, type: 2}
    - target: {fileID: 1421094384, guid: f980eecb63e6cd2419d100808addc384, type: 3}
      propertyPath: m_Controller
      value: 
      objectReference: {fileID: 9100000, guid: 63bb4b1436cdda64d8c7a8ce4b443fa2, type: 2}
    - target: {fileID: 3259453344629484226, guid: f980eecb63e6cd2419d100808addc384,
        type: 3}
      propertyPath: m_Name
      value: FP_Manual_Isolator_TIS_986
      objectReference: {fileID: 0}
    - target: {fileID: 3259453344631747586, guid: f980eecb63e6cd2419d100808addc384,
        type: 3}
      propertyPath: m_Materials.Array.data[0]
      value: 
      objectReference: {fileID: 2100000, guid: 0347e5c4df7da18499630d3b67bb6b7e, type: 2}
    - target: {fileID: 451273161, guid: f980eecb63e6cd2419d100808addc384, type: 3}
      propertyPath: m_Controller
      value: 
      objectReference: {fileID: 9100000, guid: 63bb4b1436cdda64d8c7a8ce4b443fa2, type: 2}
    m_RemovedComponents: []
  m_SourcePrefab: {fileID: 100100000, guid: f980eecb63e6cd2419d100808addc384, type: 3}
--- !u!4 &5431306088282949294 stripped
Transform:
  m_CorrespondingSourceObject: {fileID: 3259453344629847780, guid: f980eecb63e6cd2419d100808addc384,
    type: 3}
  m_PrefabInstance: {fileID: 7378030406108147786}
  m_PrefabAsset: {fileID: 0}
