%YAML 1.1
%TAG !u! tag:unity3d.com,2011:
--- !u!1 &5261450826682088440
GameObject:
  m_ObjectHideFlags: 0
  m_CorrespondingSourceObject: {fileID: 0}
  m_PrefabInstance: {fileID: 0}
  m_PrefabAsset: {fileID: 0}
  serializedVersion: 6
  m_Component:
  - component: {fileID: 5006082096052874991}
  m_Layer: 0
  m_Name: Manual_Isolator_Cable_Ver2_Prefab
  m_TagString: Untagged
  m_Icon: {fileID: 0}
  m_NavMeshLayer: 0
  m_StaticEditorFlags: 0
  m_IsActive: 1
--- !u!4 &5006082096052874991
Transform:
  m_ObjectHideFlags: 0
  m_CorrespondingSourceObject: {fileID: 0}
  m_PrefabInstance: {fileID: 0}
  m_PrefabAsset: {fileID: 0}
  m_GameObject: {fileID: 5261450826682088440}
  m_LocalRotation: {x: 0, y: 0, z: 0, w: 1}
  m_LocalPosition: {x: 0, y: 0, z: 0}
  m_LocalScale: {x: 1, y: 1, z: 1}
  m_Children:
  - {fileID: 1779030873626401124}
  - {fileID: 2538402929004893689}
  - {fileID: 5409147515835169380}
  m_Father: {fileID: 0}
  m_RootOrder: 0
  m_LocalEulerAnglesHint: {x: 0, y: 0, z: 0}
--- !u!1001 &1779030873626264548
PrefabInstance:
  m_ObjectHideFlags: 0
  serializedVersion: 2
  m_Modification:
    m_TransformParent: {fileID: 5006082096052874991}
    m_Modifications:
    - target: {fileID: 100000, guid: fba7667d20d89384d86927f3c43cd7ca, type: 3}
      propertyPath: m_Name
      value: Manual_Isolator_Cable_Ver2_1
      objectReference: {fileID: 0}
    - target: {fileID: 400000, guid: fba7667d20d89384d86927f3c43cd7ca, type: 3}
      propertyPath: m_LocalPosition.x
      value: 1.66
      objectReference: {fileID: 0}
    - target: {fileID: 400000, guid: fba7667d20d89384d86927f3c43cd7ca, type: 3}
      propertyPath: m_LocalPosition.y
      value: 4.436
      objectReference: {fileID: 0}
    - target: {fileID: 400000, guid: fba7667d20d89384d86927f3c43cd7ca, type: 3}
      propertyPath: m_LocalPosition.z
      value: -1.499
      objectReference: {fileID: 0}
    - target: {fileID: 400000, guid: fba7667d20d89384d86927f3c43cd7ca, type: 3}
      propertyPath: m_LocalRotation.x
      value: -0
      objectReference: {fileID: 0}
    - target: {fileID: 400000, guid: fba7667d20d89384d86927f3c43cd7ca, type: 3}
      propertyPath: m_LocalRotation.y
      value: -0
      objectReference: {fileID: 0}
    - target: {fileID: 400000, guid: fba7667d20d89384d86927f3c43cd7ca, type: 3}
      propertyPath: m_LocalRotation.z
      value: -0
      objectReference: {fileID: 0}
    - target: {fileID: 400000, guid: fba7667d20d89384d86927f3c43cd7ca, type: 3}
      propertyPath: m_LocalRotation.w
      value: 1
      objectReference: {fileID: 0}
    - target: {fileID: 400000, guid: fba7667d20d89384d86927f3c43cd7ca, type: 3}
      propertyPath: m_RootOrder
      value: 0
      objectReference: {fileID: 0}
    - target: {fileID: 400000, guid: fba7667d20d89384d86927f3c43cd7ca, type: 3}
      propertyPath: m_LocalEulerAnglesHint.x
      value: 0
      objectReference: {fileID: 0}
    - target: {fileID: 400000, guid: fba7667d20d89384d86927f3c43cd7ca, type: 3}
      propertyPath: m_LocalEulerAnglesHint.y
      value: 0
      objectReference: {fileID: 0}
    - target: {fileID: 400000, guid: fba7667d20d89384d86927f3c43cd7ca, type: 3}
      propertyPath: m_LocalEulerAnglesHint.z
      value: 0
      objectReference: {fileID: 0}
    m_RemovedComponents: []
  m_SourcePrefab: {fileID: 100100000, guid: fba7667d20d89384d86927f3c43cd7ca, type: 3}
--- !u!4 &1779030873626401124 stripped
Transform:
  m_CorrespondingSourceObject: {fileID: 400000, guid: fba7667d20d89384d86927f3c43cd7ca,
    type: 3}
  m_PrefabInstance: {fileID: 1779030873626264548}
  m_PrefabAsset: {fileID: 0}
--- !u!1001 &2538402929004760953
PrefabInstance:
  m_ObjectHideFlags: 0
  serializedVersion: 2
  m_Modification:
    m_TransformParent: {fileID: 5006082096052874991}
    m_Modifications:
    - target: {fileID: 100000, guid: fba7667d20d89384d86927f3c43cd7ca, type: 3}
      propertyPath: m_Name
      value: Manual_Isolator_Cable_Ver2_2
      objectReference: {fileID: 0}
    - target: {fileID: 400000, guid: fba7667d20d89384d86927f3c43cd7ca, type: 3}
      propertyPath: m_LocalPosition.x
      value: 0.459
      objectReference: {fileID: 0}
    - target: {fileID: 400000, guid: fba7667d20d89384d86927f3c43cd7ca, type: 3}
      propertyPath: m_LocalPosition.y
      value: 4.436
      objectReference: {fileID: 0}
    - target: {fileID: 400000, guid: fba7667d20d89384d86927f3c43cd7ca, type: 3}
      propertyPath: m_LocalPosition.z
      value: -1.499
      objectReference: {fileID: 0}
    - target: {fileID: 400000, guid: fba7667d20d89384d86927f3c43cd7ca, type: 3}
      propertyPath: m_LocalRotation.x
      value: -0
      objectReference: {fileID: 0}
    - target: {fileID: 400000, guid: fba7667d20d89384d86927f3c43cd7ca, type: 3}
      propertyPath: m_LocalRotation.y
      value: -0
      objectReference: {fileID: 0}
    - target: {fileID: 400000, guid: fba7667d20d89384d86927f3c43cd7ca, type: 3}
      propertyPath: m_LocalRotation.z
      value: -0
      objectReference: {fileID: 0}
    - target: {fileID: 400000, guid: fba7667d20d89384d86927f3c43cd7ca, type: 3}
      propertyPath: m_LocalRotation.w
      value: 1
      objectReference: {fileID: 0}
    - target: {fileID: 400000, guid: fba7667d20d89384d86927f3c43cd7ca, type: 3}
      propertyPath: m_RootOrder
      value: 1
      objectReference: {fileID: 0}
    - target: {fileID: 400000, guid: fba7667d20d89384d86927f3c43cd7ca, type: 3}
      propertyPath: m_LocalEulerAnglesHint.x
      value: 0
      objectReference: {fileID: 0}
    - target: {fileID: 400000, guid: fba7667d20d89384d86927f3c43cd7ca, type: 3}
      propertyPath: m_LocalEulerAnglesHint.y
      value: 0
      objectReference: {fileID: 0}
    - target: {fileID: 400000, guid: fba7667d20d89384d86927f3c43cd7ca, type: 3}
      propertyPath: m_LocalEulerAnglesHint.z
      value: 0
      objectReference: {fileID: 0}
    m_RemovedComponents: []
  m_SourcePrefab: {fileID: 100100000, guid: fba7667d20d89384d86927f3c43cd7ca, type: 3}
--- !u!4 &2538402929004893689 stripped
Transform:
  m_CorrespondingSourceObject: {fileID: 400000, guid: fba7667d20d89384d86927f3c43cd7ca,
    type: 3}
  m_PrefabInstance: {fileID: 2538402929004760953}
  m_PrefabAsset: {fileID: 0}
--- !u!1001 &5409147515835293924
PrefabInstance:
  m_ObjectHideFlags: 0
  serializedVersion: 2
  m_Modification:
    m_TransformParent: {fileID: 5006082096052874991}
    m_Modifications:
    - target: {fileID: 100000, guid: fba7667d20d89384d86927f3c43cd7ca, type: 3}
      propertyPath: m_Name
      value: Manual_Isolator_Cable_Ver2_3
      objectReference: {fileID: 0}
    - target: {fileID: 400000, guid: fba7667d20d89384d86927f3c43cd7ca, type: 3}
      propertyPath: m_LocalPosition.x
      value: -0.742
      objectReference: {fileID: 0}
    - target: {fileID: 400000, guid: fba7667d20d89384d86927f3c43cd7ca, type: 3}
      propertyPath: m_LocalPosition.y
      value: 4.436
      objectReference: {fileID: 0}
    - target: {fileID: 400000, guid: fba7667d20d89384d86927f3c43cd7ca, type: 3}
      propertyPath: m_LocalPosition.z
      value: -1.499
      objectReference: {fileID: 0}
    - target: {fileID: 400000, guid: fba7667d20d89384d86927f3c43cd7ca, type: 3}
      propertyPath: m_LocalRotation.x
      value: -0
      objectReference: {fileID: 0}
    - target: {fileID: 400000, guid: fba7667d20d89384d86927f3c43cd7ca, type: 3}
      propertyPath: m_LocalRotation.y
      value: -0
      objectReference: {fileID: 0}
    - target: {fileID: 400000, guid: fba7667d20d89384d86927f3c43cd7ca, type: 3}
      propertyPath: m_LocalRotation.z
      value: -0
      objectReference: {fileID: 0}
    - target: {fileID: 400000, guid: fba7667d20d89384d86927f3c43cd7ca, type: 3}
      propertyPath: m_LocalRotation.w
      value: 1
      objectReference: {fileID: 0}
    - target: {fileID: 400000, guid: fba7667d20d89384d86927f3c43cd7ca, type: 3}
      propertyPath: m_RootOrder
      value: 2
      objectReference: {fileID: 0}
    - target: {fileID: 400000, guid: fba7667d20d89384d86927f3c43cd7ca, type: 3}
      propertyPath: m_LocalEulerAnglesHint.x
      value: 0
      objectReference: {fileID: 0}
    - target: {fileID: 400000, guid: fba7667d20d89384d86927f3c43cd7ca, type: 3}
      propertyPath: m_LocalEulerAnglesHint.y
      value: 0
      objectReference: {fileID: 0}
    - target: {fileID: 400000, guid: fba7667d20d89384d86927f3c43cd7ca, type: 3}
      propertyPath: m_LocalEulerAnglesHint.z
      value: 0
      objectReference: {fileID: 0}
    m_RemovedComponents: []
  m_SourcePrefab: {fileID: 100100000, guid: fba7667d20d89384d86927f3c43cd7ca, type: 3}
--- !u!4 &5409147515835169380 stripped
Transform:
  m_CorrespondingSourceObject: {fileID: 400000, guid: fba7667d20d89384d86927f3c43cd7ca,
    type: 3}
  m_PrefabInstance: {fileID: 5409147515835293924}
  m_PrefabAsset: {fileID: 0}
