%YAML 1.1
%TAG !u! tag:unity3d.com,2011:
--- !u!1 &5543899879652568352
GameObject:
  m_ObjectHideFlags: 0
  m_CorrespondingSourceObject: {fileID: 4064934893829252185, guid: 5c32aa50cc5b2cc4a9277cb014f82d6a,
    type: 3}
  m_PrefabInstance: {fileID: 8396520802543847801}
  m_PrefabAsset: {fileID: 0}
  serializedVersion: 6
  m_Component:
  - component: {fileID: 7196538827851705496}
  - component: {fileID: 4511482793158307368}
  - component: {fileID: 235947857984305804}
  m_Layer: 0
  m_Name: Notice
  m_TagString: Untagged
  m_Icon: {fileID: 0}
  m_NavMeshLayer: 0
  m_StaticEditorFlags: 0
  m_IsActive: 1
--- !u!4 &7196538827851705496
Transform:
  m_ObjectHideFlags: 0
  m_CorrespondingSourceObject: {fileID: 1682466927746082273, guid: 5c32aa50cc5b2cc4a9277cb014f82d6a,
    type: 3}
  m_PrefabInstance: {fileID: 8396520802543847801}
  m_PrefabAsset: {fileID: 0}
  m_GameObject: {fileID: 5543899879652568352}
  m_LocalRotation: {x: 0, y: -0, z: -0, w: 1}
  m_LocalPosition: {x: -0.26045647, y: 0, z: -0.06612965}
  m_LocalScale: {x: 1, y: 1, z: 1}
  m_Children: []
  m_Father: {fileID: 4824266956566396440}
  m_RootOrder: 1
  m_LocalEulerAnglesHint: {x: 0, y: 0, z: 0}
--- !u!33 &4511482793158307368
MeshFilter:
  m_ObjectHideFlags: 0
  m_CorrespondingSourceObject: {fileID: 5339701926519973713, guid: 5c32aa50cc5b2cc4a9277cb014f82d6a,
    type: 3}
  m_PrefabInstance: {fileID: 8396520802543847801}
  m_PrefabAsset: {fileID: 0}
  m_GameObject: {fileID: 5543899879652568352}
  m_Mesh: {fileID: 3949207392880036242, guid: ba3f0ab4b05119b4e8f8d6883e636413, type: 3}
--- !u!23 &235947857984305804
MeshRenderer:
  m_ObjectHideFlags: 0
  m_CorrespondingSourceObject: {fileID: 8628948001729475573, guid: 5c32aa50cc5b2cc4a9277cb014f82d6a,
    type: 3}
  m_PrefabInstance: {fileID: 8396520802543847801}
  m_PrefabAsset: {fileID: 0}
  m_GameObject: {fileID: 5543899879652568352}
  m_Enabled: 1
  m_CastShadows: 1
  m_ReceiveShadows: 1
  m_DynamicOccludee: 1
  m_MotionVectors: 1
  m_LightProbeUsage: 1
  m_ReflectionProbeUsage: 1
  m_RayTracingMode: 2
  m_RenderingLayerMask: 1
  m_RendererPriority: 0
  m_Materials:
  - {fileID: 2100000, guid: ee0465d7c14870246b5362c9bebac78b, type: 2}
  m_StaticBatchInfo:
    firstSubMesh: 0
    subMeshCount: 0
  m_StaticBatchRoot: {fileID: 0}
  m_ProbeAnchor: {fileID: 0}
  m_LightProbeVolumeOverride: {fileID: 0}
  m_ScaleInLightmap: 1
  m_ReceiveGI: 1
  m_PreserveUVs: 0
  m_IgnoreNormalsForChartDetection: 0
  m_ImportantGI: 0
  m_StitchLightmapSeams: 1
  m_SelectedEditorRenderState: 3
  m_MinimumChartSize: 4
  m_AutoUVMaxDistance: 0.5
  m_AutoUVMaxAngle: 89
  m_LightmapParameters: {fileID: 0}
  m_SortingLayerID: 0
  m_SortingLayer: 0
  m_SortingOrder: 0
--- !u!1 &5775936715136788535
GameObject:
  m_ObjectHideFlags: 0
  m_CorrespondingSourceObject: {fileID: 2643139065952641358, guid: 5c32aa50cc5b2cc4a9277cb014f82d6a,
    type: 3}
  m_PrefabInstance: {fileID: 8396520802543847801}
  m_PrefabAsset: {fileID: 0}
  serializedVersion: 6
  m_Component:
  - component: {fileID: 7372880819585539355}
  - component: {fileID: 8818124552647938348}
  - component: {fileID: 6730584505065418736}
  m_Layer: 0
  m_Name: padlock
  m_TagString: Untagged
  m_Icon: {fileID: 0}
  m_NavMeshLayer: 0
  m_StaticEditorFlags: 0
  m_IsActive: 1
--- !u!4 &7372880819585539355
Transform:
  m_ObjectHideFlags: 0
  m_CorrespondingSourceObject: {fileID: 1357785964891739234, guid: 5c32aa50cc5b2cc4a9277cb014f82d6a,
    type: 3}
  m_PrefabInstance: {fileID: 8396520802543847801}
  m_PrefabAsset: {fileID: 0}
  m_GameObject: {fileID: 5775936715136788535}
  m_LocalRotation: {x: 0, y: -0, z: -0, w: 1}
  m_LocalPosition: {x: -0.054588854, y: -0.06454618, z: 0.08398317}
  m_LocalScale: {x: 1, y: 1, z: 1}
  m_Children:
  - {fileID: 724728893443019771}
  m_Father: {fileID: 7092241616473754129}
  m_RootOrder: 2
  m_LocalEulerAnglesHint: {x: 0, y: 0, z: 0}
--- !u!33 &8818124552647938348
MeshFilter:
  m_ObjectHideFlags: 0
  m_CorrespondingSourceObject: {fileID: 1073592434324592725, guid: 5c32aa50cc5b2cc4a9277cb014f82d6a,
    type: 3}
  m_PrefabInstance: {fileID: 8396520802543847801}
  m_PrefabAsset: {fileID: 0}
  m_GameObject: {fileID: 5775936715136788535}
  m_Mesh: {fileID: -5142106997854445501, guid: ba3f0ab4b05119b4e8f8d6883e636413, type: 3}
--- !u!23 &6730584505065418736
MeshRenderer:
  m_ObjectHideFlags: 0
  m_CorrespondingSourceObject: {fileID: 3017897582339942025, guid: 5c32aa50cc5b2cc4a9277cb014f82d6a,
    type: 3}
  m_PrefabInstance: {fileID: 8396520802543847801}
  m_PrefabAsset: {fileID: 0}
  m_GameObject: {fileID: 5775936715136788535}
  m_Enabled: 1
  m_CastShadows: 1
  m_ReceiveShadows: 1
  m_DynamicOccludee: 1
  m_MotionVectors: 1
  m_LightProbeUsage: 1
  m_ReflectionProbeUsage: 1
  m_RayTracingMode: 2
  m_RenderingLayerMask: 1
  m_RendererPriority: 0
  m_Materials:
  - {fileID: 2100000, guid: 4cd10afa7b32dfb43bcfdca3349f4e1b, type: 2}
  m_StaticBatchInfo:
    firstSubMesh: 0
    subMeshCount: 0
  m_StaticBatchRoot: {fileID: 0}
  m_ProbeAnchor: {fileID: 0}
  m_LightProbeVolumeOverride: {fileID: 0}
  m_ScaleInLightmap: 1
  m_ReceiveGI: 1
  m_PreserveUVs: 0
  m_IgnoreNormalsForChartDetection: 0
  m_ImportantGI: 0
  m_StitchLightmapSeams: 1
  m_SelectedEditorRenderState: 3
  m_MinimumChartSize: 4
  m_AutoUVMaxDistance: 0.5
  m_AutoUVMaxAngle: 89
  m_LightmapParameters: {fileID: 0}
  m_SortingLayerID: 0
  m_SortingLayer: 0
  m_SortingOrder: 0
--- !u!1 &6208841228977457485
GameObject:
  m_ObjectHideFlags: 0
  m_CorrespondingSourceObject: {fileID: 2498463278792802356, guid: 5c32aa50cc5b2cc4a9277cb014f82d6a,
    type: 3}
  m_PrefabInstance: {fileID: 8396520802543847801}
  m_PrefabAsset: {fileID: 0}
  serializedVersion: 6
  m_Component:
  - component: {fileID: 4824266956566396440}
  - component: {fileID: 5394378282432197608}
  - component: {fileID: 289169722475636162}
  - component: {fileID: 7342570886758949451}
  m_Layer: 0
  m_Name: Cover
  m_TagString: Untagged
  m_Icon: {fileID: 0}
  m_NavMeshLayer: 0
  m_StaticEditorFlags: 0
  m_IsActive: 1
--- !u!4 &4824266956566396440
Transform:
  m_ObjectHideFlags: 0
  m_CorrespondingSourceObject: {fileID: 3924132888911984481, guid: 5c32aa50cc5b2cc4a9277cb014f82d6a,
    type: 3}
  m_PrefabInstance: {fileID: 8396520802543847801}
  m_PrefabAsset: {fileID: 0}
  m_GameObject: {fileID: 6208841228977457485}
  m_LocalRotation: {x: 0, y: -0, z: -0, w: 1}
  m_LocalPosition: {x: 0.26045647, y: 0, z: 0.06612965}
  m_LocalScale: {x: 1, y: 1, z: 1}
  m_Children:
  - {fileID: 753722814936751136}
  - {fileID: 7196538827851705496}
  m_Father: {fileID: 7092241616473754129}
  m_RootOrder: 0
  m_LocalEulerAnglesHint: {x: 0, y: 0, z: 0}
--- !u!33 &5394378282432197608
MeshFilter:
  m_ObjectHideFlags: 0
  m_CorrespondingSourceObject: {fileID: 4493116168210365073, guid: 5c32aa50cc5b2cc4a9277cb014f82d6a,
    type: 3}
  m_PrefabInstance: {fileID: 8396520802543847801}
  m_PrefabAsset: {fileID: 0}
  m_GameObject: {fileID: 6208841228977457485}
  m_Mesh: {fileID: 4729988176110476404, guid: ba3f0ab4b05119b4e8f8d6883e636413, type: 3}
--- !u!23 &289169722475636162
MeshRenderer:
  m_ObjectHideFlags: 0
  m_CorrespondingSourceObject: {fileID: 8107949902232333499, guid: 5c32aa50cc5b2cc4a9277cb014f82d6a,
    type: 3}
  m_PrefabInstance: {fileID: 8396520802543847801}
  m_PrefabAsset: {fileID: 0}
  m_GameObject: {fileID: 6208841228977457485}
  m_Enabled: 1
  m_CastShadows: 1
  m_ReceiveShadows: 1
  m_DynamicOccludee: 1
  m_MotionVectors: 1
  m_LightProbeUsage: 1
  m_ReflectionProbeUsage: 1
  m_RayTracingMode: 2
  m_RenderingLayerMask: 1
  m_RendererPriority: 0
  m_Materials:
  - {fileID: 2100000, guid: ee0465d7c14870246b5362c9bebac78b, type: 2}
  m_StaticBatchInfo:
    firstSubMesh: 0
    subMeshCount: 0
  m_StaticBatchRoot: {fileID: 0}
  m_ProbeAnchor: {fileID: 0}
  m_LightProbeVolumeOverride: {fileID: 0}
  m_ScaleInLightmap: 1
  m_ReceiveGI: 1
  m_PreserveUVs: 0
  m_IgnoreNormalsForChartDetection: 0
  m_ImportantGI: 0
  m_StitchLightmapSeams: 1
  m_SelectedEditorRenderState: 3
  m_MinimumChartSize: 4
  m_AutoUVMaxDistance: 0.5
  m_AutoUVMaxAngle: 89
  m_LightmapParameters: {fileID: 0}
  m_SortingLayerID: 0
  m_SortingLayer: 0
  m_SortingOrder: 0
--- !u!65 &7342570886758949451
BoxCollider:
  m_ObjectHideFlags: 0
  m_CorrespondingSourceObject: {fileID: 1252108995278777138, guid: 5c32aa50cc5b2cc4a9277cb014f82d6a,
    type: 3}
  m_PrefabInstance: {fileID: 8396520802543847801}
  m_PrefabAsset: {fileID: 0}
  m_GameObject: {fileID: 6208841228977457485}
  m_Material: {fileID: 0}
  m_IsTrigger: 0
  m_Enabled: 1
  serializedVersion: 2
  m_Size: {x: 0.37036785, y: 0.5231061, z: 0.03148178}
  m_Center: {x: -0.17774294, y: -0.00069351494, z: 0.008135872}
--- !u!1 &6836063108129495529
GameObject:
  m_ObjectHideFlags: 0
  m_CorrespondingSourceObject: {fileID: 3051465839220609168, guid: 5c32aa50cc5b2cc4a9277cb014f82d6a,
    type: 3}
  m_PrefabInstance: {fileID: 8396520802543847801}
  m_PrefabAsset: {fileID: 0}
  serializedVersion: 6
  m_Component:
  - component: {fileID: 724728893443019771}
  - component: {fileID: 4422841727370232138}
  - component: {fileID: 5252258520188764986}
  m_Layer: 0
  m_Name: padlock_2
  m_TagString: Untagged
  m_Icon: {fileID: 0}
  m_NavMeshLayer: 0
  m_StaticEditorFlags: 0
  m_IsActive: 1
--- !u!4 &724728893443019771
Transform:
  m_ObjectHideFlags: 0
  m_CorrespondingSourceObject: {fileID: 9117729002577975938, guid: 5c32aa50cc5b2cc4a9277cb014f82d6a,
    type: 3}
  m_PrefabInstance: {fileID: 8396520802543847801}
  m_PrefabAsset: {fileID: 0}
  m_GameObject: {fileID: 6836063108129495529}
  m_LocalRotation: {x: 0, y: -0, z: -0, w: 1}
  m_LocalPosition: {x: 0.00014550686, y: -0.026675701, z: 0.000021743774}
  m_LocalScale: {x: 1, y: 1, z: 1}
  m_Children: []
  m_Father: {fileID: 7372880819585539355}
  m_RootOrder: 0
  m_LocalEulerAnglesHint: {x: 0, y: 0, z: 0}
--- !u!33 &4422841727370232138
MeshFilter:
  m_ObjectHideFlags: 0
  m_CorrespondingSourceObject: {fileID: 5325357235186976819, guid: 5c32aa50cc5b2cc4a9277cb014f82d6a,
    type: 3}
  m_PrefabInstance: {fileID: 8396520802543847801}
  m_PrefabAsset: {fileID: 0}
  m_GameObject: {fileID: 6836063108129495529}
  m_Mesh: {fileID: -1117983463843020815, guid: ba3f0ab4b05119b4e8f8d6883e636413, type: 3}
--- !u!23 &5252258520188764986
MeshRenderer:
  m_ObjectHideFlags: 0
  m_CorrespondingSourceObject: {fileID: 4352071965902834243, guid: 5c32aa50cc5b2cc4a9277cb014f82d6a,
    type: 3}
  m_PrefabInstance: {fileID: 8396520802543847801}
  m_PrefabAsset: {fileID: 0}
  m_GameObject: {fileID: 6836063108129495529}
  m_Enabled: 1
  m_CastShadows: 1
  m_ReceiveShadows: 1
  m_DynamicOccludee: 1
  m_MotionVectors: 1
  m_LightProbeUsage: 1
  m_ReflectionProbeUsage: 1
  m_RayTracingMode: 2
  m_RenderingLayerMask: 1
  m_RendererPriority: 0
  m_Materials:
  - {fileID: 2100000, guid: 4cd10afa7b32dfb43bcfdca3349f4e1b, type: 2}
  m_StaticBatchInfo:
    firstSubMesh: 0
    subMeshCount: 0
  m_StaticBatchRoot: {fileID: 0}
  m_ProbeAnchor: {fileID: 0}
  m_LightProbeVolumeOverride: {fileID: 0}
  m_ScaleInLightmap: 1
  m_ReceiveGI: 1
  m_PreserveUVs: 0
  m_IgnoreNormalsForChartDetection: 0
  m_ImportantGI: 0
  m_StitchLightmapSeams: 1
  m_SelectedEditorRenderState: 3
  m_MinimumChartSize: 4
  m_AutoUVMaxDistance: 0.5
  m_AutoUVMaxAngle: 89
  m_LightmapParameters: {fileID: 0}
  m_SortingLayerID: 0
  m_SortingLayer: 0
  m_SortingOrder: 0
--- !u!1 &7577135399422218411
GameObject:
  m_ObjectHideFlags: 0
  m_CorrespondingSourceObject: {fileID: 2135000544351394258, guid: 5c32aa50cc5b2cc4a9277cb014f82d6a,
    type: 3}
  m_PrefabInstance: {fileID: 8396520802543847801}
  m_PrefabAsset: {fileID: 0}
  serializedVersion: 6
  m_Component:
  - component: {fileID: 7092241616473754129}
  - component: {fileID: 7342570888017614763}
  m_Layer: 0
  m_Name: Window_ani
  m_TagString: Untagged
  m_Icon: {fileID: 0}
  m_NavMeshLayer: 0
  m_StaticEditorFlags: 0
  m_IsActive: 1
--- !u!4 &7092241616473754129
Transform:
  m_ObjectHideFlags: 0
  m_CorrespondingSourceObject: {fileID: 1651373016831279976, guid: 5c32aa50cc5b2cc4a9277cb014f82d6a,
    type: 3}
  m_PrefabInstance: {fileID: 8396520802543847801}
  m_PrefabAsset: {fileID: 0}
  m_GameObject: {fileID: 7577135399422218411}
  m_LocalRotation: {x: -0, y: -0, z: -0, w: 1}
  m_LocalPosition: {x: 0, y: 0, z: 0}
  m_LocalScale: {x: 1, y: 1, z: 1}
  m_Children:
  - {fileID: 4824266956566396440}
  - {fileID: 7654382188942496538}
  - {fileID: 7372880819585539355}
  m_Father: {fileID: 3766646539055088503}
  m_RootOrder: 0
  m_LocalEulerAnglesHint: {x: 0, y: 0, z: 0}
--- !u!95 &7342570888017614763
Animator:
  serializedVersion: 3
  m_ObjectHideFlags: 0
  m_CorrespondingSourceObject: {fileID: 1252108994121031378, guid: 5c32aa50cc5b2cc4a9277cb014f82d6a,
    type: 3}
  m_PrefabInstance: {fileID: 8396520802543847801}
  m_PrefabAsset: {fileID: 0}
  m_GameObject: {fileID: 7577135399422218411}
  m_Enabled: 1
  m_Avatar: {fileID: 0}
  m_Controller: {fileID: 9100000, guid: 689e6742cb08bcc47a55f2925b4ce970, type: 2}
  m_CullingMode: 0
  m_UpdateMode: 0
  m_ApplyRootMotion: 0
  m_LinearVelocityBlending: 0
  m_WarningMessage: 
  m_HasTransformHierarchy: 1
  m_AllowConstantClipSamplingOptimization: 1
  m_KeepAnimatorControllerStateOnDisable: 0
--- !u!1 &8315489985928253937
GameObject:
  m_ObjectHideFlags: 0
  m_CorrespondingSourceObject: {fileID: 567701197916444808, guid: 5c32aa50cc5b2cc4a9277cb014f82d6a,
    type: 3}
  m_PrefabInstance: {fileID: 8396520802543847801}
  m_PrefabAsset: {fileID: 0}
  serializedVersion: 6
  m_Component:
  - component: {fileID: 753722814936751136}
  - component: {fileID: 6853377666651000333}
  - component: {fileID: 3799726664900924887}
  m_Layer: 0
  m_Name: handle
  m_TagString: Untagged
  m_Icon: {fileID: 0}
  m_NavMeshLayer: 0
  m_StaticEditorFlags: 0
  m_IsActive: 1
--- !u!4 &753722814936751136
Transform:
  m_ObjectHideFlags: 0
  m_CorrespondingSourceObject: {fileID: 9147846337451283801, guid: 5c32aa50cc5b2cc4a9277cb014f82d6a,
    type: 3}
  m_PrefabInstance: {fileID: 8396520802543847801}
  m_PrefabAsset: {fileID: 0}
  m_GameObject: {fileID: 8315489985928253937}
  m_LocalRotation: {x: 0, y: -0, z: -0, w: 1}
  m_LocalPosition: {x: -0.26045647, y: -0.016326094, z: 0.006155344}
  m_LocalScale: {x: 1, y: 1, z: 1}
  m_Children: []
  m_Father: {fileID: 4824266956566396440}
  m_RootOrder: 0
  m_LocalEulerAnglesHint: {x: 0, y: 0, z: 0}
--- !u!33 &6853377666651000333
MeshFilter:
  m_ObjectHideFlags: 0
  m_CorrespondingSourceObject: {fileID: 3141957296756213620, guid: 5c32aa50cc5b2cc4a9277cb014f82d6a,
    type: 3}
  m_PrefabInstance: {fileID: 8396520802543847801}
  m_PrefabAsset: {fileID: 0}
  m_GameObject: {fileID: 8315489985928253937}
  m_Mesh: {fileID: 8393969432434051992, guid: ba3f0ab4b05119b4e8f8d6883e636413, type: 3}
--- !u!23 &3799726664900924887
MeshRenderer:
  m_ObjectHideFlags: 0
  m_CorrespondingSourceObject: {fileID: 4628918028249210030, guid: 5c32aa50cc5b2cc4a9277cb014f82d6a,
    type: 3}
  m_PrefabInstance: {fileID: 8396520802543847801}
  m_PrefabAsset: {fileID: 0}
  m_GameObject: {fileID: 8315489985928253937}
  m_Enabled: 1
  m_CastShadows: 1
  m_ReceiveShadows: 1
  m_DynamicOccludee: 1
  m_MotionVectors: 1
  m_LightProbeUsage: 1
  m_ReflectionProbeUsage: 1
  m_RayTracingMode: 2
  m_RenderingLayerMask: 1
  m_RendererPriority: 0
  m_Materials:
  - {fileID: 2100000, guid: ee0465d7c14870246b5362c9bebac78b, type: 2}
  m_StaticBatchInfo:
    firstSubMesh: 0
    subMeshCount: 0
  m_StaticBatchRoot: {fileID: 0}
  m_ProbeAnchor: {fileID: 0}
  m_LightProbeVolumeOverride: {fileID: 0}
  m_ScaleInLightmap: 1
  m_ReceiveGI: 1
  m_PreserveUVs: 0
  m_IgnoreNormalsForChartDetection: 0
  m_ImportantGI: 0
  m_StitchLightmapSeams: 1
  m_SelectedEditorRenderState: 3
  m_MinimumChartSize: 4
  m_AutoUVMaxDistance: 0.5
  m_AutoUVMaxAngle: 89
  m_LightmapParameters: {fileID: 0}
  m_SortingLayerID: 0
  m_SortingLayer: 0
  m_SortingOrder: 0
--- !u!1 &8879120665379244237
GameObject:
  m_ObjectHideFlags: 0
  m_CorrespondingSourceObject: {fileID: 1134509209338986932, guid: 5c32aa50cc5b2cc4a9277cb014f82d6a,
    type: 3}
  m_PrefabInstance: {fileID: 8396520802543847801}
  m_PrefabAsset: {fileID: 0}
  serializedVersion: 6
  m_Component:
  - component: {fileID: 7654382188942496538}
  - component: {fileID: 6406987410245537848}
  - component: {fileID: 9135274009139367075}
  m_Layer: 0
  m_Name: Gate
  m_TagString: Untagged
  m_Icon: {fileID: 0}
  m_NavMeshLayer: 0
  m_StaticEditorFlags: 0
  m_IsActive: 1
--- !u!4 &7654382188942496538
Transform:
  m_ObjectHideFlags: 0
  m_CorrespondingSourceObject: {fileID: 2215695310254201443, guid: 5c32aa50cc5b2cc4a9277cb014f82d6a,
    type: 3}
  m_PrefabInstance: {fileID: 8396520802543847801}
  m_PrefabAsset: {fileID: 0}
  m_GameObject: {fileID: 8879120665379244237}
  m_LocalRotation: {x: 0, y: -0, z: -0, w: 1}
  m_LocalPosition: {x: -0, y: 0, z: 0}
  m_LocalScale: {x: 1, y: 1, z: 1}
  m_Children: []
  m_Father: {fileID: 7092241616473754129}
  m_RootOrder: 1
  m_LocalEulerAnglesHint: {x: 0, y: 0, z: 0}
--- !u!33 &6406987410245537848
MeshFilter:
  m_ObjectHideFlags: 0
  m_CorrespondingSourceObject: {fileID: 3201037014545209665, guid: 5c32aa50cc5b2cc4a9277cb014f82d6a,
    type: 3}
  m_PrefabInstance: {fileID: 8396520802543847801}
  m_PrefabAsset: {fileID: 0}
  m_GameObject: {fileID: 8879120665379244237}
  m_Mesh: {fileID: 962209921104072034, guid: ba3f0ab4b05119b4e8f8d6883e636413, type: 3}
--- !u!23 &9135274009139367075
MeshRenderer:
  m_ObjectHideFlags: 0
  m_CorrespondingSourceObject: {fileID: 738990979483272666, guid: 5c32aa50cc5b2cc4a9277cb014f82d6a,
    type: 3}
  m_PrefabInstance: {fileID: 8396520802543847801}
  m_PrefabAsset: {fileID: 0}
  m_GameObject: {fileID: 8879120665379244237}
  m_Enabled: 1
  m_CastShadows: 1
  m_ReceiveShadows: 1
  m_DynamicOccludee: 1
  m_MotionVectors: 1
  m_LightProbeUsage: 1
  m_ReflectionProbeUsage: 1
  m_RayTracingMode: 2
  m_RenderingLayerMask: 1
  m_RendererPriority: 0
  m_Materials:
  - {fileID: 2100000, guid: ee0465d7c14870246b5362c9bebac78b, type: 2}
  m_StaticBatchInfo:
    firstSubMesh: 0
    subMeshCount: 0
  m_StaticBatchRoot: {fileID: 0}
  m_ProbeAnchor: {fileID: 0}
  m_LightProbeVolumeOverride: {fileID: 0}
  m_ScaleInLightmap: 1
  m_ReceiveGI: 1
  m_PreserveUVs: 0
  m_IgnoreNormalsForChartDetection: 0
  m_ImportantGI: 0
  m_StitchLightmapSeams: 1
  m_SelectedEditorRenderState: 3
  m_MinimumChartSize: 4
  m_AutoUVMaxDistance: 0.5
  m_AutoUVMaxAngle: 89
  m_LightmapParameters: {fileID: 0}
  m_SortingLayerID: 0
  m_SortingLayer: 0
  m_SortingOrder: 0
--- !u!1 &9119166686366100063
GameObject:
  m_ObjectHideFlags: 0
  m_CorrespondingSourceObject: {fileID: 0}
  m_PrefabInstance: {fileID: 0}
  m_PrefabAsset: {fileID: 0}
  serializedVersion: 6
  m_Component:
  - component: {fileID: 3766646539055088503}
  m_Layer: 0
  m_Name: Window
  m_TagString: Untagged
  m_Icon: {fileID: 0}
  m_NavMeshLayer: 0
  m_StaticEditorFlags: 0
  m_IsActive: 1
--- !u!4 &3766646539055088503
Transform:
  m_ObjectHideFlags: 0
  m_CorrespondingSourceObject: {fileID: 0}
  m_PrefabInstance: {fileID: 0}
  m_PrefabAsset: {fileID: 0}
  m_GameObject: {fileID: 9119166686366100063}
  m_LocalRotation: {x: 0, y: 0, z: 0, w: 1}
  m_LocalPosition: {x: 0, y: 0, z: 0}
  m_LocalScale: {x: 1, y: 1, z: 1}
  m_Children:
  - {fileID: 7092241616473754129}
  m_Father: {fileID: 0}
  m_RootOrder: 0
  m_LocalEulerAnglesHint: {x: 0, y: 0, z: 0}
--- !u!1001 &8396520802543847801
PrefabInstance:
  m_ObjectHideFlags: 0
  serializedVersion: 2
  m_Modification:
    m_TransformParent: {fileID: 3766646539055088503}
    m_Modifications:
    - target: {fileID: 1651373016831279976, guid: 5c32aa50cc5b2cc4a9277cb014f82d6a,
        type: 3}
      propertyPath: m_LocalPosition.x
      value: 0
      objectReference: {fileID: 0}
    - target: {fileID: 1651373016831279976, guid: 5c32aa50cc5b2cc4a9277cb014f82d6a,
        type: 3}
      propertyPath: m_LocalPosition.y
      value: 0
      objectReference: {fileID: 0}
    - target: {fileID: 1651373016831279976, guid: 5c32aa50cc5b2cc4a9277cb014f82d6a,
        type: 3}
      propertyPath: m_LocalPosition.z
      value: 0
      objectReference: {fileID: 0}
    - target: {fileID: 1651373016831279976, guid: 5c32aa50cc5b2cc4a9277cb014f82d6a,
        type: 3}
      propertyPath: m_LocalRotation.x
      value: -0
      objectReference: {fileID: 0}
    - target: {fileID: 1651373016831279976, guid: 5c32aa50cc5b2cc4a9277cb014f82d6a,
        type: 3}
      propertyPath: m_LocalRotation.y
      value: -0
      objectReference: {fileID: 0}
    - target: {fileID: 1651373016831279976, guid: 5c32aa50cc5b2cc4a9277cb014f82d6a,
        type: 3}
      propertyPath: m_LocalRotation.z
      value: -0
      objectReference: {fileID: 0}
    - target: {fileID: 1651373016831279976, guid: 5c32aa50cc5b2cc4a9277cb014f82d6a,
        type: 3}
      propertyPath: m_LocalRotation.w
      value: 1
      objectReference: {fileID: 0}
    - target: {fileID: 1651373016831279976, guid: 5c32aa50cc5b2cc4a9277cb014f82d6a,
        type: 3}
      propertyPath: m_RootOrder
      value: 0
      objectReference: {fileID: 0}
    - target: {fileID: 1651373016831279976, guid: 5c32aa50cc5b2cc4a9277cb014f82d6a,
        type: 3}
      propertyPath: m_LocalEulerAnglesHint.x
      value: 0
      objectReference: {fileID: 0}
    - target: {fileID: 1651373016831279976, guid: 5c32aa50cc5b2cc4a9277cb014f82d6a,
        type: 3}
      propertyPath: m_LocalEulerAnglesHint.y
      value: 0
      objectReference: {fileID: 0}
    - target: {fileID: 1651373016831279976, guid: 5c32aa50cc5b2cc4a9277cb014f82d6a,
        type: 3}
      propertyPath: m_LocalEulerAnglesHint.z
      value: 0
      objectReference: {fileID: 0}
    - target: {fileID: 2135000544351394258, guid: 5c32aa50cc5b2cc4a9277cb014f82d6a,
        type: 3}
      propertyPath: m_Name
      value: Window_ani
      objectReference: {fileID: 0}
    m_RemovedComponents: []
  m_SourcePrefab: {fileID: 100100000, guid: 5c32aa50cc5b2cc4a9277cb014f82d6a, type: 3}
